id,dateJS,price,quantity,total,type,exchange,currency
,2019-08-06T08:13:39.000Z,12247.30000,0.02345600,1.916799472889536e+13,buy,kraken,BTC/USD
9239869,2019-08-06T08:46:33.227Z,0.00903400,0.60000000,0.0054204,buy,binance,DASH/BTC
16183314,2019-08-06T07:15:55.307Z,0.00050800,0.21000000,0.00010667999999999999,sell,binance,ETC/BTC
,2019-08-06T09:43:20.000Z,12226.90000,0.02078541,1.9136132902131e+13,sell,kraken,BTC/USD
35093713,2019-08-06T06:41:28.920Z,0.01910001,0.4795293,0.009159014425293,buy,bittrex,ETH/BTC
35096446,2019-08-06T07:05:29.180Z,0.00796003,12.318503,0.09805565343509,sell,bittrex,LTC/BTC
,2019-08-06T09:03:15.000Z,12225.10000,0.21400000,1.9133286347565234e+13,sell,kraken,BTC/USD
16183585,2019-08-06T08:26:55.246Z,0.00050300,0.20000000,0.0001006,buy,binance,ETC/BTC
861580,2019-08-06T07:23:53.000Z,0.019117,1.09779100,0.020986470546999998,sell,cex.io,ETH/BTC
,2019-08-06T09:46:27.000Z,0.019140,1.00000000,2.9955722826655827e+07,sell,kraken,ETH/BTC
10442071,2019-08-06T09:09:44.000Z,12222.2,0.20000000,2444.44,buy,cex.io,BTC/USD
383431386,2019-08-06T08:59:48.000Z,0.0079552,1.0,0.0079552,sell,bitfinex,LTC/BTC
10442013,2019-08-06T08:24:03.000Z,12234.8,0.00420004,51.386649392,sell,cex.io,BTC/USD
10441990,2019-08-06T08:13:16.000Z,12245,0.00692211,84.76123695000001,sell,cex.io,BTC/USD
32812978,2019-08-06T09:06:13.679Z,0.00797100,0.23000000,0.0018333300000000002,buy,binance,LTC/BTC
,2019-08-06T08:11:36.000Z,12230.20000,0.10000000,1.9141230367445234e+13,sell,kraken,BTC/USD
9239743,2019-08-06T08:33:21.849Z,0.00905000,3.50200000,0.0316931,buy,binance,DASH/BTC
35088662,2019-08-06T05:56:19.210Z,0.00050583,2.18146122,0.0011034485289126,buy,bittrex,ETC/BTC
35096366,2019-08-06T07:04:13.790Z,12198.65957251,0.00092768,11.316452512226077,sell,bittrex,BTC/USDT
,2019-08-06T08:20:47.000Z,0.00052100,28.10507458,815406.496454357,sell,kraken,ETC/BTC
861584,2019-08-06T08:36:38.000Z,0.019097,4.17629900,0.079754782003,sell,cex.io,ETH/BTC
165298241,2019-08-06T09:12:49.438Z,12213.40000000,0.02500000,305.335,buy,binance,BTC/USDT
35096045,2019-08-06T07:00:11.660Z,0.01910996,1.515,0.028951589399999995,buy,bittrex,ETH/BTC
32812699,2019-08-06T09:01:23.786Z,0.00793900,2.50000000,0.0198475,sell,binance,LTC/BTC
165298049,2019-08-06T09:12:22.117Z,12217.15000000,0.00446700,54.574009049999994,sell,binance,BTC/USDT
10441989,2019-08-06T08:13:14.000Z,12245,0.00912625,111.75093125000001,buy,cex.io,BTC/USD
861573,2019-08-06T07:14:29.000Z,0.019279,1.10215900,0.021248523361000003,buy,cex.io,ETH/BTC
,2019-08-06T09:16:38.000Z,0.00052500,0.36167532,821668.5742698299,buy,kraken,ETC/BTC
,2019-08-06T07:56:21.000Z,0.019170,0.05319148,3.0002548745863214e+07,buy,kraken,ETH/BTC
9240125,2019-08-06T09:03:03.139Z,0.00900800,0.28800000,0.002594304,sell,binance,DASH/BTC
,2019-08-06T10:14:18.000Z,0.00796900,0.00000593,1.2472173986754516e+07,sell,kraken,LTC/BTC
10441859,2019-08-06T07:24:38.000Z,12149.00000000,0.10100000,1227.049,sell,cex.io,BTC/USD
10442041,2019-08-06T08:43:50.000Z,12179.1,0.00951283,115.85770785300001,sell,cex.io,BTC/USD
,2019-08-06T09:19:38.000Z,0.019110,1.49470061,2.9908739540424105e+07,sell,kraken,ETH/BTC
1194985,2019-08-06T08:13:06.000Z,0.00798561,0.83424185,0.0066619300597785,buy,cex.io,LTC/BTC
9240133,2019-08-06T09:03:24.140Z,0.00901600,13.58100000,0.122446296,sell,binance,DASH/BTC
137432027,2019-08-06T09:09:15.328Z,0.01911700,0.00800000,0.000152936,buy,binance,ETH/BTC
35094939,2019-08-06T06:51:47.950Z,0.00796948,0.91413677,0.0072851947057796,sell,bittrex,LTC/BTC
383430954,2019-08-06T09:04:31.000Z,0.019116,3.19842186,0.06114103227576,buy,bitfinex,ETH/BTC
383392677,2019-08-06T08:13:51.000Z,0.00050139,2784.340153,1.39604030931267,sell,bitfinex,ETC/BTC
137432196,2019-08-06T09:12:06.749Z,0.01912100,0.00600000,0.000114726,buy,binance,ETH/BTC
,2019-08-06T08:38:35.000Z,12226.60000,0.00120000,1.9135615874074566e+13,sell,kraken,BTC/USD
10442023,2019-08-06T08:27:29.000Z,12237,0.98000000,11992.26,buy,cex.io,BTC/USD
,2019-08-06T15:11:54.000Z,0.00900000,3.17920378,1.4085938832351299e+07,buy,kraken,DASH/BTC
35096588,2019-08-06T07:06:59.100Z,12199.39100001,0.03622402,441.91098357218226,sell,bittrex,BTC/USDT
,2019-08-06T12:41:00.000Z,0.00913000,1.86085972,1.4289319732534671e+07,buy,kraken,DASH/BTC
35092567,2019-08-06T06:30:16.950Z,12230.80333398,0.22509804,2753.1298581043634,buy,bittrex,BTC/USDT
32813061,2019-08-06T09:10:01.365Z,0.00798000,0.31000000,0.0024738,sell,binance,LTC/BTC
861582,2019-08-06T08:20:22.000Z,0.019182,0.08082600,0.001550404332,buy,cex.io,ETH/BTC
,2019-08-06T08:17:49.000Z,12239.10000,0.02345600,1.9155164133703445e+13,buy,kraken,BTC/USD
9240148,2019-08-06T09:05:00.404Z,0.00901300,1.83100000,0.016502803,sell,binance,DASH/BTC
,2019-08-06T10:26:04.000Z,12247.50000,0.02465802,1.91684050447471e+13,buy,kraken,BTC/USD
383392754,2019-08-06T08:34:57.000Z,0.00050434,16.05778302,0.0080985822883068,buy,bitfinex,ETC/BTC
10441847,2019-08-06T07:19:31.000Z,12145.90000000,0.01538873,186.909975707,buy,cex.io,BTC/USD
10441834,2019-08-06T07:15:29.000Z,12152.10000000,0.01640070,199.30294647000002,sell,cex.io,BTC/USD
35088661,2019-08-06T05:56:19.210Z,0.00050582,2.19530936,0.0011104313804752,buy,bittrex,ETC/BTC
16183607,2019-08-06T08:27:39.690Z,0.00050300,16.02000000,0.008058059999999999,sell,binance,ETC/BTC
16183404,2019-08-06T07:41:00.361Z,0.00050600,15.97000000,0.00808082,buy,binance,ETC/BTC
137432281,2019-08-06T09:12:54.106Z,0.01911600,5.02200000,0.09600055200000002,sell,binance,ETH/BTC
9240004,2019-08-06T08:58:03.187Z,0.00902700,11.09300000,0.100136511,buy,binance,DASH/BTC
10441900,2019-08-06T07:42:01.000Z,12176.4,0.04139000,503.981196,buy,cex.io,BTC/USD
,2019-08-06T10:01:43.000Z,0.00796400,24.30000000,1.2464342541773273e+07,sell,kraken,LTC/BTC
10442044,2019-08-06T08:44:33.000Z,12192.1,0.01441097,175.699987337,buy,cex.io,BTC/USD
16183357,2019-08-06T07:33:31.743Z,0.00050700,33.89000000,0.01718223,sell,binance,ETC/BTC
137432526,2019-08-06T09:15:24.139Z,0.01913200,0.78400000,0.014999488,sell,binance,ETH/BTC
35083579,2019-08-06T05:16:45.100Z,0.00906269,0.07849338,0.0007113611699922,sell,bittrex,DASH/BTC
10442022,2019-08-06T08:27:21.000Z,12235.6,0.00666403,81.538405468,sell,cex.io,BTC/USD
,2019-08-06T08:41:26.000Z,12213.10000,0.00300000,1.9114489376305445e+13,buy,kraken,BTC/USD
35096613,2019-08-06T07:07:07.300Z,0.01910678,0.47012433,0.0089825621459574,buy,bittrex,ETH/BTC
,2019-08-06T08:55:02.000Z,0.00796100,3.44830121,1.2459615433814261e+07,sell,kraken,LTC/BTC
32813039,2019-08-06T09:08:51.625Z,0.00797300,0.69000000,0.005501369999999999,sell,binance,LTC/BTC
,2019-08-06T15:46:27.000Z,0.00052600,0.49795858,823245.959940457,sell,kraken,ETC/BTC
,2019-08-06T11:08:03.000Z,0.00905000,2.24200000,1.4164061637561925e+07,buy,kraken,DASH/BTC
,2019-08-06T09:42:42.000Z,0.019120,13.50000000,2.9924416827522174e+07,sell,kraken,ETH/BTC
165298747,2019-08-06T09:15:18.079Z,12225.88000000,0.03253500,397.7690058,buy,binance,BTC/USDT
16183623,2019-08-06T08:31:02.649Z,0.00050300,1.99000000,0.00100097,buy,binance,ETC/BTC
165298586,2019-08-06T09:14:54.519Z,12220.00000000,0.08497800,1038.4311599999999,sell,binance,BTC/USDT
16183382,2019-08-06T07:36:01.304Z,0.00050700,10.00000000,0.00507,buy,binance,ETC/BTC
383430813,2019-08-06T08:47:38.000Z,0.019126,0.8860516,0.0169466229016,sell,bitfinex,ETH/BTC
,2019-08-06T09:14:42.000Z,12230.60000,0.07927591,1.9141902702503918e+13,sell,kraken,BTC/USD
,2019-08-06T08:20:47.000Z,0.00052200,0.31143679,816971.5761003918,sell,kraken,ETC/BTC
35092946,2019-08-06T06:33:51.380Z,12220,0.04321435,528.079357,sell,bittrex,BTC/USDT
383431291,2019-08-06T08:13:06.000Z,0.0079673,0.83424185,0.006646655091504999,buy,bitfinex,LTC/BTC
383430941,2019-08-06T09:02:19.000Z,0.019096,0.85620804,0.016350148731839997,sell,bitfinex,ETH/BTC
,2019-08-06T13:04:28.000Z,0.00903000,1.37694215,1.4132822920683516e+07,buy,kraken,DASH/BTC
16183520,2019-08-06T08:16:57.054Z,0.00050600,88.36000000,0.044710160000000006,sell,binance,ETC/BTC
,2019-08-06T08:18:15.000Z,12239.50000,0.02345600,1.9155790483506453e+13,buy,kraken,BTC/USD
35091705,2019-08-06T06:20:44.400Z,0.01910013,0.08380991,0.0016007801762883,sell,bittrex,ETH/BTC
35089090,2019-08-06T05:59:03.320Z,0.0005068,35.180328,0.0178293902304,sell,bittrex,ETC/BTC
383430869,2019-08-06T08:59:02.000Z,0.01916,7.0,0.13412,buy,bitfinex,ETH/BTC
,2019-08-06T08:51:45.000Z,0.00793600,25.11616225,1.2420486828338431e+07,sell,kraken,LTC/BTC
,2019-08-06T08:16:35.000Z,12240.00000,0.00445131,1.915657180614036e+13,sell,kraken,BTC/USD
383431260,2019-08-06T08:02:38.000Z,0.0080037,4.0,0.0320148,buy,bitfinex,LTC/BTC
35087920,2019-08-06T05:49:16.660Z,0.00050481,25,0.01262025,sell,bittrex,ETC/BTC
,2019-08-06T09:02:04.000Z,12215.70000,0.00215454,1.911857370738367e+13,sell,kraken,BTC/USD
,2019-08-06T12:52:13.000Z,0.00910000,3.05603787,1.424237299642794e+07,buy,kraken,DASH/BTC
,2019-08-06T08:20:47.000Z,0.00052400,0.02834505,820101.7353810712,sell,kraken,ETC/BTC
10441877,2019-08-06T07:32:07.000Z,12186.8,0.23010000,2804.18268,buy,cex.io,BTC/USD
,2019-08-06T13:20:05.000Z,0.00902000,0.87500000,1.4117180399999028e+07,sell,kraken,DASH/BTC
10442024,2019-08-06T08:27:46.000Z,12236.1,0.04253181,520.4234803410001,sell,cex.io,BTC/USD
165298915,2019-08-06T09:15:55.100Z,12220.01000000,0.00159800,19.52757598,buy,binance,BTC/USDT
,2019-08-06T08:51:45.000Z,0.00793400,100.59468946,1.241735666534868e+07,sell,kraken,LTC/BTC
861581,2019-08-06T07:59:44.000Z,0.019102,0.47700000,0.009111654,sell,cex.io,ETH/BTC
9240203,2019-08-06T09:16:12.188Z,0.00899900,0.01300000,0.000116987,sell,binance,DASH/BTC
35094174,2019-08-06T06:45:17.220Z,12195.54480671,0.00148824,18.149897603138093,sell,bittrex,BTC/USDT
35096828,2019-08-06T07:08:27.010Z,0.01910678,0.259,0.00494865602,buy,bittrex,ETH/BTC
383430860,2019-08-06T08:59:01.000Z,0.019155,3.93690027,0.07541132467185,buy,bitfinex,ETH/BTC
383441371,2019-08-06T09:16:55.000Z,12237.83660277,0.008,97.90269282215999,sell,bitfinex,BTC/USD
383431265,2019-08-06T08:10:29.000Z,0.0079938,2.0,0.0159876,sell,bitfinex,LTC/BTC
1194983,2019-08-06T07:58:47.000Z,0.00798124,2.00596183,0.016010062796069202,sell,cex.io,LTC/BTC
1194981,2019-08-06T07:51:15.000Z,0.00804205,0.86164999,0.0069294323020795,sell,cex.io,LTC/BTC
,2019-08-06T08:21:36.000Z,0.00798500,14.71831006,1.2497161372857044e+07,sell,kraken,LTC/BTC
35094104,2019-08-06T06:44:42.440Z,0.0079893,0.11361759,0.0009077250117869999,sell,bittrex,LTC/BTC
32813376,2019-08-06T09:20:42.163Z,0.00795800,0.07000000,0.0005570600000000001,sell,binance,LTC/BTC
32813196,2019-08-06T09:15:20.384Z,0.00796800,2.81000000,0.02239008,sell,binance,LTC/BTC
,2019-08-06T09:47:09.000Z,0.00795000,2.26167459,1.2442424395036187e+07,buy,kraken,LTC/BTC
,2019-08-06T08:27:37.000Z,12268.80000,0.00538999,1.9201654214590492e+13,sell,kraken,BTC/USD
137432469,2019-08-06T09:15:11.217Z,0.01913000,0.92800000,0.017752640000000004,buy,binance,ETH/BTC
1194984,2019-08-06T08:00:15.000Z,0.0079944,1.00000000,0.0079944,sell,cex.io,LTC/BTC
16183337,2019-08-06T07:21:56.017Z,0.00050600,2.88000000,0.00145728,buy,binance,ETC/BTC
,2019-08-06T09:48:16.000Z,12239.90000,0.02000000,1.915648262127867e+13,buy,kraken,BTC/USD
165299695,2019-08-06T09:19:28.237Z,12219.02000000,0.01167000,142.59596340000002,buy,binance,BTC/USDT
,2019-08-06T09:10:31.000Z,0.019100,0.06625076,2.9893078252142016e+07,sell,kraken,ETH/BTC
,2019-08-06T08:45:13.000Z,12204.90000,0.00600000,1.9101658480386438e+13,sell,kraken,BTC/USD
,2019-08-06T09:42:42.000Z,0.019130,11.60034091,2.9940067673034217e+07,sell,kraken,ETH/BTC
,2019-08-06T08:27:57.000Z,12265.50000,0.73125373,1.9196489688052008e+13,buy,kraken,BTC/USD
35097792,2019-08-06T07:16:54.890Z,0.01910755,0.03336769,0.0006375748050595,sell,bittrex,ETH/BTC
,2019-08-06T08:51:45.000Z,0.00793000,36.63860000,1.2411096339402448e+07,sell,kraken,LTC/BTC
165299769,2019-08-06T09:20:02.767Z,12221.98000000,0.00090700,11.08533586,buy,binance,BTC/USDT
35096847,2019-08-06T07:08:34.950Z,0.00050463,25,0.012615750000000002,sell,bittrex,ETC/BTC
137432657,2019-08-06T09:16:47.851Z,0.01913300,2.09500000,0.040083635000000006,sell,binance,ETH/BTC
,2019-08-06T07:30:24.000Z,0.00800900,1.00000000,1.2534698688772842e+07,buy,kraken,LTC/BTC
10441884,2019-08-06T07:34:57.000Z,12169.3,0.10400000,1265.6072,buy,cex.io,BTC/USD
32813034,2019-08-06T09:08:31.721Z,0.00797100,3.63000000,0.028934730000000002,buy,binance,LTC/BTC
16183517,2019-08-06T08:12:59.205Z,0.00050500,0.01000000,5.05e-06,buy,binance,ETC/BTC
,2019-08-06T08:42:34.000Z,12204.30000,0.00500000,1.91007174949009e+13,sell,kraken,BTC/USD
137432814,2019-08-06T09:18:53.735Z,0.01912700,6.75000000,0.12910725,sell,binance,ETH/BTC
32813110,2019-08-06T09:11:44.501Z,0.00797000,4.06000000,0.0323582,buy,binance,LTC/BTC
383430880,2019-08-06T08:59:09.000Z,0.019133,2.71293714,0.05190662629962001,sell,bitfinex,ETH/BTC
35095859,2019-08-06T06:59:02.190Z,0.00050613,484.10535575,0.24502024370574751,buy,bittrex,ETC/BTC
,2019-08-06T07:25:13.000Z,0.00801800,1.00000000,1.25487818796377e+07,sell,kraken,LTC/BTC
35086136,2019-08-06T05:33:35.620Z,0.009131,12.70926732,0.11604831989892,buy,bittrex,DASH/BTC
,2019-08-06T09:02:46.000Z,12221.10000,0.09800000,1.912702566570853e+13,sell,kraken,BTC/USD
9239811,2019-08-06T08:44:45.983Z,0.00907000,0.70500000,0.006394349999999999,sell,binance,DASH/BTC
10441957,2019-08-06T08:07:19.000Z,12190,0.01186464,144.6299616,buy,cex.io,BTC/USD
10442070,2019-08-06T09:09:30.000Z,12219.2,0.00163267,19.949921264,buy,cex.io,BTC/USD
32813130,2019-08-06T09:12:05.843Z,0.00796600,14.94000000,0.11901204000000001,buy,binance,LTC/BTC
10442079,2019-08-06T09:16:02.000Z,12220.2,0.01000000,122.20200000000001,sell,cex.io,BTC/USD
35086151,2019-08-06T05:33:36.650Z,0.00914786,0.29508111,0.0026993606829246,buy,bittrex,DASH/BTC
137432887,2019-08-06T09:20:03.145Z,0.01912300,0.56900000,0.010880987,buy,binance,ETH/BTC
1194980,2019-08-06T07:41:46.000Z,0.00806542,0.99335316,0.0080118104437272,buy,cex.io,LTC/BTC
165300522,2019-08-06T09:23:17.065Z,12219.54000000,0.00299300,36.57308322,sell,binance,BTC/USDT
137433037,2019-08-06T09:22:18.802Z,0.01913100,1.53400000,0.029346953999999998,sell,binance,ETH/BTC
35095700,2019-08-06T06:58:12.180Z,0.009025,1.87695212,0.016939492883,buy,bittrex,DASH/BTC
,2019-08-06T07:41:29.000Z,0.00803400,0.12694934,1.2573830940162623e+07,buy,kraken,LTC/BTC
35090394,2019-08-06T06:09:15.830Z,0.00913838,0.0799746,0.0007308382851480001,buy,bittrex,DASH/BTC
9239768,2019-08-06T08:35:14.971Z,0.00906600,3.00000000,0.027198,sell,binance,DASH/BTC
10441913,2019-08-06T07:44:37.000Z,12180,0.00693350,84.45003,buy,cex.io,BTC/USD
35097341,2019-08-06T07:14:00.130Z,0.01910754,0.20031893,0.0038276019677322,sell,bittrex,ETH/BTC
35097534,2019-08-06T07:16:05.200Z,0.009,5.52142584,0.04969283256,sell,bittrex,DASH/BTC
383431396,2019-08-06T08:59:51.000Z,0.00795,10.0,0.0795,sell,bitfinex,LTC/BTC
137432715,2019-08-06T09:17:20.186Z,0.01912400,0.00700000,0.00013386799999999999,buy,binance,ETH/BTC
35089205,2019-08-06T06:00:02.430Z,0.00911685,0.51281302,0.0046752393813869995,sell,bittrex,DASH/BTC
383441433,2019-08-06T09:19:59.000Z,12250.0,0.45488805,5572.3786125,buy,bitfinex,BTC/USD
35095863,2019-08-06T06:59:02.840Z,0.00904576,1.67563494,0.0151573915148544,buy,bittrex,DASH/BTC
9240001,2019-08-06T08:58:03.155Z,0.00902700,1.46100000,0.013188447,sell,binance,DASH/BTC
383430977,2019-08-06T09:07:39.000Z,0.019116,0.75891587,0.014507435770920002,sell,bitfinex,ETH/BTC
383441463,2019-08-06T09:21:28.000Z,12246.79466781,0.22275,2727.9735122546776,sell,bitfinex,BTC/USD
10441879,2019-08-06T07:33:30.000Z,12180.30000000,0.00242672,29.558177615999995,sell,cex.io,BTC/USD
137432987,2019-08-06T09:21:31.461Z,0.01912700,0.01600000,0.000306032,buy,binance,ETH/BTC
861583,2019-08-06T08:22:49.000Z,0.019097,1.00000000,0.019097,sell,cex.io,ETH/BTC
,2019-08-06T10:01:54.000Z,0.00052300,0.02696652,818539.8287121605,buy,kraken,ETC/BTC
,2019-08-06T09:55:29.000Z,0.00795900,44.04000000,1.245651413914677e+07,buy,kraken,LTC/BTC
,2019-08-06T09:06:57.000Z,0.019030,0.07219806,2.9783518401607208e+07,sell,kraken,ETH/BTC
165300853,2019-08-06T09:24:36.806Z,12221.12000000,0.06486900,792.77183328,buy,binance,BTC/USDT
,2019-08-06T09:04:12.000Z,0.00793900,0.05890533,1.2425188005082406e+07,sell,kraken,LTC/BTC
10441955,2019-08-06T08:05:53.000Z,12190,0.02363577,288.1200363,buy,cex.io,BTC/USD
383430871,2019-08-06T08:59:02.000Z,0.01916,3.44774438,0.0660587823208,sell,bitfinex,ETH/BTC
35094396,2019-08-06T06:47:25.660Z,0.00798002,0.146708,0.00117073277416,sell,bittrex,LTC/BTC
35086969,2019-08-06T05:39:50.840Z,0.00913097,0.07555146,0.0006898581147162001,sell,bittrex,DASH/BTC
383392663,2019-08-06T08:13:51.000Z,0.00050505,127.6,0.06444438000000001,sell,bitfinex,ETC/BTC
10441991,2019-08-06T08:13:16.000Z,12245,0.00692211,84.76123695000001,sell,cex.io,BTC/USD
16183606,2019-08-06T08:27:39.664Z,0.00050300,3.57000000,0.0017957099999999998,sell,binance,ETC/BTC
165300996,2019-08-06T09:25:07.848Z,12217.41000000,0.00001100,0.13439151,buy,binance,BTC/USDT
35095984,2019-08-06T06:59:48.450Z,0.01911068,18.96047762,0.36234762044298163,sell,bittrex,ETH/BTC
,2019-08-06T08:51:45.000Z,0.00788300,0.33952612,1.233753750893174e+07,sell,kraken,LTC/BTC
10441963,2019-08-06T08:08:49.000Z,12190,0.04226018,515.1515942,buy,cex.io,BTC/USD
137432862,2019-08-06T09:19:45.708Z,0.01912500,0.86400000,0.016524,sell,binance,ETH/BTC
35093606,2019-08-06T06:40:43.110Z,12195.56,1,12195.56,buy,bittrex,BTC/USDT
383431295,2019-08-06T08:14:23.000Z,0.0079865,3.83532668,0.030630836529820002,buy,bitfinex,LTC/BTC
35089963,2019-08-06T06:06:29.590Z,0.0005054,1.55920476,0.0007880220857040001,sell,bittrex,ETC/BTC
,2019-08-06T09:44:05.000Z,0.019150,0.09994557,2.99713709558232e+07,buy,kraken,ETH/BTC
35090329,2019-08-06T06:08:43.870Z,0.00909592,1.78432562,0.0162300830934704,sell,bittrex,DASH/BTC
35095704,2019-08-06T06:58:15.510Z,0.0090458,4.96058265,0.04487243853537,buy,bittrex,DASH/BTC
,2019-08-06T08:49:45.000Z,12230.00000,0.00000067,1.9140945340456656e+13,buy,kraken,BTC/USD
,2019-08-06T08:51:45.000Z,0.00794300,27.50000000,1.2431442398729008e+07,sell,kraken,LTC/BTC
383441517,2019-08-06T09:22:07.000Z,12235.0,0.04179811,511.39987585,sell,bitfinex,BTC/USD
,2019-08-06T08:16:25.000Z,12244.10000,0.02345600,1.9162988498995164e+13,buy,kraken,BTC/USD
35086673,2019-08-06T05:37:04.310Z,0.00913097,6.72733161,0.0614270631109617,sell,bittrex,DASH/BTC
,2019-08-06T09:26:11.000Z,12235.00000,0.11677536,1.9148797501039066e+13,sell,kraken,BTC/USD
383441561,2019-08-06T09:24:41.000Z,12245.0,0.206563,2529.363935,sell,bitfinex,BTC/USD
35095485,2019-08-06T06:56:38.010Z,12199.65899999,0.00192194,23.447012618440784,buy,bittrex,BTC/USDT
383431027,2019-08-06T09:17:48.000Z,0.019129,0.43129601,0.00825026137529,buy,bitfinex,ETH/BTC
165301367,2019-08-06T09:26:36.650Z,12214.35000000,0.01762800,215.31456180000004,sell,binance,BTC/USDT
137432879,2019-08-06T09:19:55.966Z,0.01912600,0.16700000,0.0031940420000000002,sell,binance,ETH/BTC
32813456,2019-08-06T09:24:13.001Z,0.00795200,2.49000000,0.019800480000000002,sell,binance,LTC/BTC
10442049,2019-08-06T08:47:55.000Z,12188.5,0.39295000,4789.471075,buy,cex.io,BTC/USD
383441562,2019-08-06T09:24:41.000Z,12245.0,0.0889343,1089.0005035,sell,bitfinex,BTC/USD
,2019-08-06T09:21:01.000Z,12237.30000,0.02830443,1.9152393402012637e+13,sell,kraken,BTC/USD
,2019-08-06T08:54:02.000Z,12219.10000,0.00400000,1.9123889092753168e+13,sell,kraken,BTC/USD
165301162,2019-08-06T09:25:49.254Z,12212.93000000,0.08319300,1016.0302854900001,sell,binance,BTC/USDT
,2019-08-06T08:54:36.000Z,12212.00000,0.06116000,1.911277743643925e+13,sell,kraken,BTC/USD
165301122,2019-08-06T09:25:35.760Z,12213.98000000,0.00281600,34.394567679999994,sell,binance,BTC/USDT
35093109,2019-08-06T06:35:29.060Z,12196.23782049,0.00157409,19.197975990855102,buy,bittrex,BTC/USDT
383430902,2019-08-06T08:59:53.000Z,0.01911,24.24366107,0.4632963630477,sell,bitfinex,ETH/BTC
,2019-08-06T07:42:24.000Z,0.019160,0.99999982,2.998688192554412e+07,sell,kraken,ETH/BTC
10442025,2019-08-06T08:27:51.000Z,12236.1,0.01100000,134.59709999999998,sell,cex.io,BTC/USD
16183356,2019-08-06T07:32:15.457Z,0.00050600,0.51000000,0.00025806,buy,binance,ETC/BTC
35096217,2019-08-06T07:02:23.940Z,12201.70999999,0.03757735,458.50792726812426,sell,bittrex,BTC/USDT
16183437,2019-08-06T07:48:34.130Z,0.00050500,51.38000000,0.025946900000000002,buy,binance,ETC/BTC
,2019-08-06T08:51:45.000Z,0.00791600,51.12000000,1.238918519838422e+07,sell,kraken,LTC/BTC
165301443,2019-08-06T09:26:57.183Z,12212.53000000,0.00163800,20.00412414,buy,binance,BTC/USDT
861585,2019-08-06T09:01:36.000Z,0.01909,1.17000000,0.0223353,sell,cex.io,ETH/BTC
383392616,2019-08-06T07:52:05.000Z,0.00050545,2.01197222,0.001016951358599,buy,bitfinex,ETC/BTC
165301689,2019-08-06T09:27:51.088Z,12209.98000000,0.01903200,232.38033936,buy,binance,BTC/USDT
32813500,2019-08-06T09:25:57.454Z,0.00795900,9.71000000,0.07728189000000002,sell,binance,LTC/BTC
,2019-08-06T09:08:14.000Z,0.00052000,10.00000000,813842.897352472,sell,kraken,ETC/BTC
383441609,2019-08-06T09:27:17.000Z,12246.0,0.63587124,7786.87920504,buy,bitfinex,BTC/USD
383441574,2019-08-06T09:25:29.000Z,12245.17146723,0.02385947,292.16330126723017,buy,bitfinex,BTC/USD
,2019-08-06T07:35:30.000Z,0.00803800,9.00000000,1.2580088368640257e+07,buy,kraken,LTC/BTC
32813311,2019-08-06T09:17:47.015Z,0.00794300,7.27000000,0.05774561,buy,binance,LTC/BTC
9239867,2019-08-06T08:46:32.138Z,0.00903400,1.86600000,0.016857444000000003,buy,binance,DASH/BTC
383441632,2019-08-06T09:28:22.000Z,12245.0,0.1,1224.5,sell,bitfinex,BTC/USD
9239909,2019-08-06T08:51:54.014Z,0.00904600,0.03200000,0.00028947200000000004,sell,binance,DASH/BTC
137433175,2019-08-06T09:24:19.975Z,0.01912100,1.20200000,0.022983442,buy,binance,ETH/BTC
165301739,2019-08-06T09:27:52.985Z,12206.03000000,0.03477500,424.46469325000004,buy,binance,BTC/USDT
10441962,2019-08-06T08:08:39.000Z,12190,0.19499489,2376.9877091,buy,cex.io,BTC/USD
383431401,2019-08-06T08:59:53.000Z,0.0079468,10.0,0.07946800000000001,sell,bitfinex,LTC/BTC
165302084,2019-08-06T09:29:02.088Z,12203.44000000,0.10608800,1294.63854272,sell,binance,BTC/USDT
383431406,2019-08-06T09:00:19.000Z,0.0079369,0.05,0.00039684500000000005,sell,bitfinex,LTC/BTC
10442030,2019-08-06T08:33:59.000Z,12235.5,0.02484491,303.989896305,buy,cex.io,BTC/USD
383441525,2019-08-06T09:22:37.000Z,12236.0,2.32233366,28416.07466376,buy,bitfinex,BTC/USD
383441580,2019-08-06T09:25:37.000Z,12245.0,0.005,61.225,sell,bitfinex,BTC/USD
383431032,2019-08-06T09:18:54.000Z,0.019137,1.28,0.02449536,buy,bitfinex,ETH/BTC
383431255,2019-08-06T07:58:20.000Z,0.008011,0.00004922,3.9430142000000005e-07,sell,bitfinex,LTC/BTC
1194988,2019-08-06T08:42:50.000Z,0.00796802,4.56951215,0.036409964201443,sell,cex.io,LTC/BTC
165302281,2019-08-06T09:29:33.844Z,12204.00000000,0.04015600,490.06382399999995,sell,binance,BTC/USDT
9240248,2019-08-06T09:23:47.748Z,0.00900000,0.80000000,0.0072,sell,binance,DASH/BTC
10442051,2019-08-06T08:53:02.000Z,12215,0.00163323,19.949904450000002,buy,cex.io,BTC/USD
,2019-08-06T14:31:31.000Z,0.00901000,1.55396456,1.4101568043173643e+07,buy,kraken,DASH/BTC
35091242,2019-08-06T06:16:47.500Z,0.0091136,0.07532957,0.0006865235691519999,buy,bittrex,DASH/BTC
137433604,2019-08-06T09:29:49.955Z,0.01912200,0.03600000,0.0006883919999999999,sell,binance,ETH/BTC
383392760,2019-08-06T08:38:58.000Z,0.00050465,28.28978617,0.014276440590690501,buy,bitfinex,ETC/BTC
35089246,2019-08-06T06:00:15.820Z,0.0005051,5.86795785,0.0029639055100349997,sell,bittrex,ETC/BTC
16183375,2019-08-06T07:34:16.823Z,0.00050800,77.97000000,0.03960876,sell,binance,ETC/BTC
16183572,2019-08-06T08:26:21.847Z,0.00050300,12.53000000,0.006302589999999999,buy,binance,ETC/BTC
35097099,2019-08-06T07:10:30.280Z,0.00796933,1.80834745,0.014411317583708502,buy,bittrex,LTC/BTC
,2019-08-06T10:47:01.000Z,0.00909000,4.52878588,1.4226653749398842e+07,buy,kraken,DASH/BTC
383441628,2019-08-06T09:27:41.000Z,12245.0,0.00540019,66.12532655,sell,bitfinex,BTC/USD
32813356,2019-08-06T09:19:30.900Z,0.00794600,0.40000000,0.0031784,sell,binance,LTC/BTC
,2019-08-06T08:20:27.000Z,12241.10000,0.10000000,1.9158296224018484e+13,buy,kraken,BTC/USD
1194986,2019-08-06T08:41:22.000Z,0.00799211,0.50000000,0.003996055,sell,cex.io,LTC/BTC
383441548,2019-08-06T09:23:55.000Z,12246.546831,0.00820189,100.44482998771059,buy,bitfinex,BTC/USD
35098787,2019-08-06T07:28:04.100Z,0.00050452,1.08771629,0.0005487746226307999,buy,bittrex,ETC/BTC
,2019-08-06T13:04:34.000Z,0.00904000,2.00000000,1.414847393428888e+07,buy,kraken,DASH/BTC
35096795,2019-08-06T07:08:06.450Z,0.00902396,0.387,0.00349227252,buy,bittrex,DASH/BTC
,2019-08-06T09:24:56.000Z,12238.10000,0.15926400,1.9153648332594633e+13,sell,kraken,BTC/USD
137433202,2019-08-06T09:24:54.034Z,0.01912500,0.00700000,0.000133875,buy,binance,ETH/BTC
,2019-08-06T10:32:15.000Z,0.00796500,0.36179603,1.2465922219374977e+07,sell,kraken,LTC/BTC
10442032,2019-08-06T08:34:37.000Z,12221.4,0.01500000,183.321,sell,cex.io,BTC/USD
9240093,2019-08-06T09:02:28.125Z,0.00900000,0.80000000,0.0072,sell,binance,DASH/BTC
,2019-08-06T12:28:38.000Z,0.00908000,0.41189000,1.4211058228522982e+07,sell,kraken,DASH/BTC
,2019-08-06T09:02:43.000Z,12222.50000,0.05409543,1.9129216742465727e+13,sell,kraken,BTC/USD
,2019-08-06T08:32:25.000Z,12250.90000,0.02859168,1.91736428087802e+13,buy,kraken,BTC/USD
,2019-08-06T09:17:33.000Z,12245.90000,0.04410273,1.916585057058918e+13,buy,kraken,BTC/USD
9240438,2019-08-06T09:29:52.570Z,0.00889900,0.22400000,0.0019933760000000003,buy,binance,DASH/BTC
10441905,2019-08-06T07:43:34.000Z,12176.9,0.00163834,19.949902346000002,buy,cex.io,BTC/USD
32813533,2019-08-06T09:27:49.320Z,0.00795900,1.02000000,0.008118180000000001,sell,binance,LTC/BTC
383392707,2019-08-06T08:13:51.000Z,0.00050551,20.14068019,0.0101813152428469,sell,bitfinex,ETC/BTC
,2019-08-06T08:51:45.000Z,0.00794900,11.00000000,1.2440832887684517e+07,sell,kraken,LTC/BTC
10441985,2019-08-06T08:13:06.000Z,12232.2,0.01365605,167.04353481,buy,cex.io,BTC/USD
383441597,2019-08-06T09:27:02.000Z,12246.0,0.005,61.230000000000004,buy,bitfinex,BTC/USD
,2019-08-06T09:01:19.000Z,0.019090,0.00000592,2.9877416904409043e+07,sell,kraken,ETH/BTC
10442076,2019-08-06T09:15:47.000Z,12220.2,0.07266000,887.9197320000001,buy,cex.io,BTC/USD
,2019-08-06T09:02:47.000Z,0.019080,0.00015723,2.986176775631976e+07,sell,kraken,ETH/BTC
137433529,2019-08-06T09:28:48.538Z,0.01912100,3.36300000,0.064303923,buy,binance,ETH/BTC
35095907,2019-08-06T06:59:18.480Z,0.00795064,0.5347629,0.004251707303256001,sell,bittrex,LTC/BTC
35097092,2019-08-06T07:10:25.790Z,12201.23,0.01522422,185.7542097906,buy,bittrex,BTC/USDT
383441649,2019-08-06T09:29:37.000Z,12237.0,0.00045718,5.59451166,sell,bitfinex,BTC/USD
,2019-08-06T12:48:36.000Z,0.00914000,0.49497066,1.4304974845759984e+07,buy,kraken,DASH/BTC
10441996,2019-08-06T08:15:04.000Z,12245.1,0.39516786,4838.869962486,buy,cex.io,BTC/USD
9240463,2019-08-06T09:29:58.712Z,0.00891600,1.35800000,0.012107928,sell,binance,DASH/BTC
137433366,2019-08-06T09:27:05.945Z,0.01912500,0.00600000,0.00011475,buy,binance,ETH/BTC
1194982,2019-08-06T07:58:47.000Z,0.0080203,1.00000000,0.0080203,sell,cex.io,LTC/BTC
383431281,2019-08-06T08:13:05.000Z,0.0079736,0.04,0.00031894400000000004,sell,bitfinex,LTC/BTC
1194987,2019-08-06T08:42:50.000Z,0.00798651,1.00000000,0.00798651,sell,cex.io,LTC/BTC
35096234,2019-08-06T07:02:37.760Z,0.00794,0.00100546,7.983352399999999e-06,buy,bittrex,LTC/BTC
32813351,2019-08-06T09:19:22.032Z,0.00794800,0.76000000,0.00604048,buy,binance,LTC/BTC
,2019-08-06T08:51:45.000Z,0.00790000,5.00000000,1.236414389441064e+07,sell,kraken,LTC/BTC
32813416,2019-08-06T09:22:29.468Z,0.00795700,0.62000000,0.0049333400000000005,sell,binance,LTC/BTC
383441664,2019-08-06T09:30:15.000Z,12236.0,0.01,122.36,buy,bitfinex,BTC/USD
383430903,2019-08-06T08:59:53.000Z,0.01911,0.62037803,0.0118554241533,sell,bitfinex,ETH/BTC
32813323,2019-08-06T09:18:10.305Z,0.00794400,6.25000000,0.04965,buy,binance,LTC/BTC
165303161,2019-08-06T09:33:03.036Z,12202.29000000,0.07551800,921.49253622,buy,binance,BTC/USDT
137433666,2019-08-06T09:31:01.407Z,0.01912200,0.16200000,0.0030977640000000002,sell,binance,ETH/BTC
35095850,2019-08-06T06:59:00.940Z,0.0191268,19.27240191,0.368619376852188,buy,bittrex,ETH/BTC
10441882,2019-08-06T07:34:22.000Z,12180.00000000,0.02000000,243.6,sell,cex.io,BTC/USD
35095836,2019-08-06T06:59:00.230Z,0.00050613,410.64628424,0.20784040384239122,buy,bittrex,ETC/BTC
10441974,2019-08-06T08:10:13.000Z,12231,0.10000000,1223.1000000000001,buy,cex.io,BTC/USD
16183577,2019-08-06T08:26:52.097Z,0.00050400,0.20000000,0.00010080000000000001,sell,binance,ETC/BTC
383441650,2019-08-06T09:29:37.000Z,12236.0,0.00954282,116.76594552,sell,bitfinex,BTC/USD
9240549,2019-08-06T09:30:58.374Z,0.00891000,8.97900000,0.08000289,buy,binance,DASH/BTC
165303397,2019-08-06T09:34:01.562Z,12211.72000000,0.02708000,330.69337759999996,sell,binance,BTC/USDT
383431268,2019-08-06T08:10:54.000Z,0.0079934,1.57517567,0.012591009200577999,sell,bitfinex,LTC/BTC
10441905,2019-08-06T07:43:34.000Z,12176.90000000,0.00163834,19.949902346000002,buy,cex.io,BTC/USD
9240296,2019-08-06T09:28:30.205Z,0.00896300,1.11200000,0.009966856000000001,buy,binance,DASH/BTC
35097481,2019-08-06T07:15:28.280Z,0.00796118,0.97634362,0.0077728473006716,buy,bittrex,LTC/BTC
16183480,2019-08-06T07:56:08.447Z,0.00050600,43.12000000,0.02181872,buy,binance,ETC/BTC
,2019-08-06T09:30:14.000Z,0.00794600,0.00028644,1.2436155987158824e+07,sell,kraken,LTC/BTC
10442020,2019-08-06T08:27:14.000Z,12235.2,0.00666799,81.58419124800001,sell,cex.io,BTC/USD
137433853,2019-08-06T09:33:01.614Z,0.01910700,0.27200000,0.005197104,buy,binance,ETH/BTC
9240228,2019-08-06T09:20:35.263Z,0.00899300,0.02000000,0.00017985999999999998,sell,binance,DASH/BTC
,2019-08-06T08:46:25.000Z,12205.00000,0.07957023,1.9101815872841562e+13,buy,kraken,BTC/USD
383441695,2019-08-06T09:33:09.000Z,12236.0,0.005,61.18,buy,bitfinex,BTC/USD
10441958,2019-08-06T08:07:30.000Z,12190,0.00692699,84.4400081,buy,cex.io,BTC/USD
,2019-08-06T09:17:34.000Z,12249.50000,0.95080000,1.9171484870396832e+13,buy,kraken,BTC/USD
,2019-08-06T08:51:45.000Z,0.00789000,0.10000000,1.2348493079431746e+07,sell,kraken,LTC/BTC
9240338,2019-08-06T09:29:04.418Z,0.00895700,0.75900000,0.006798363,buy,binance,DASH/BTC
137433754,2019-08-06T09:31:42.432Z,0.01911600,0.00600000,0.00011469600000000001,buy,binance,ETH/BTC
16183792,2019-08-06T09:14:49.592Z,0.00050500,2.85000000,0.0014392500000000002,sell,binance,ETC/BTC
10442056,2019-08-06T08:59:27.000Z,12200,0.00500000,61,sell,cex.io,BTC/USD
137433962,2019-08-06T09:33:59.850Z,0.01912100,0.47100000,0.009005991,sell,binance,ETH/BTC
383431418,2019-08-06T09:35:51.000Z,0.0079593,1.0,0.0079593,sell,bitfinex,LTC/BTC
35094916,2019-08-06T06:51:39.670Z,0.00797,0.07158688,0.0005705474336,sell,bittrex,LTC/BTC
32813327,2019-08-06T09:18:28.003Z,0.00794800,13.50000000,0.107298,sell,binance,LTC/BTC
32813229,2019-08-06T09:15:57.645Z,0.00795500,0.08000000,0.0006364000000000001,buy,binance,LTC/BTC
383441652,2019-08-06T09:29:51.000Z,12236.0,0.01,122.36,buy,bitfinex,BTC/USD
16183763,2019-08-06T08:59:52.837Z,0.00050500,24.03000000,0.01213515,buy,binance,ETC/BTC
383431419,2019-08-06T09:35:51.000Z,0.007956,6.915,0.05501574,sell,bitfinex,LTC/BTC
16183828,2019-08-06T09:35:58.255Z,0.00050500,3.44000000,0.0017372000000000002,buy,binance,ETC/BTC
35098918,2019-08-06T07:29:01.610Z,0.009,1.114,0.010026,sell,bittrex,DASH/BTC
35096356,2019-08-06T07:04:04.330Z,0.00794805,1,0.00794805,sell,bittrex,LTC/BTC
383392812,2019-08-06T08:59:02.000Z,0.00050677,32.36499478,0.0164016084046606,buy,bitfinex,ETC/BTC
9240545,2019-08-06T09:30:57.641Z,0.00892300,0.10300000,0.000919069,sell,binance,DASH/BTC
16183611,2019-08-06T08:27:57.200Z,0.00050300,0.57000000,0.00028670999999999997,sell,binance,ETC/BTC
32813409,2019-08-06T09:22:13.112Z,0.00795800,6.75000000,0.0537165,sell,binance,LTC/BTC
383430906,2019-08-06T08:59:56.000Z,0.0191,2.0,0.0382,sell,bitfinex,ETH/BTC
165303918,2019-08-06T09:35:42.802Z,12203.91000000,0.00262900,32.08407939,sell,binance,BTC/USDT
10442100,2019-08-06T09:27:44.000Z,12210.4,0.04560000,556.7942400000001,buy,cex.io,BTC/USD
383441698,2019-08-06T09:33:37.000Z,12236.0,0.03051,373.32036,buy,bitfinex,BTC/USD
32813671,2019-08-06T09:34:26.123Z,0.00796200,4.40000000,0.0350328,sell,binance,LTC/BTC
10442038,2019-08-06T08:42:25.000Z,12200,0.01000000,122,sell,cex.io,BTC/USD
137433981,2019-08-06T09:34:02.067Z,0.01911400,0.11700000,0.002236338,buy,binance,ETH/BTC
32813721,2019-08-06T09:36:16.651Z,0.00796500,20.00000000,0.1593,buy,binance,LTC/BTC
16183790,2019-08-06T09:14:48.971Z,0.00050500,6.08000000,0.0030704,buy,binance,ETC/BTC
165304328,2019-08-06T09:37:33.032Z,12212.49000000,0.00409500,50.010146549999995,sell,binance,BTC/USDT
35097788,2019-08-06T07:16:54.500Z,0.01910755,0.15776953,0.0030145891829515,sell,bittrex,ETH/BTC
,2019-08-06T09:18:13.000Z,12246.20000,0.42500000,1.9166320582255082e+13,buy,kraken,BTC/USD
35094996,2019-08-06T06:52:15.320Z,0.00050609,2.08637368,0.0010558928557112,buy,bittrex,ETC/BTC
35097420,2019-08-06T07:14:47.020Z,0.00901425,0.06108944,0.00055067548452,buy,bittrex,DASH/BTC
35096094,2019-08-06T07:00:39.410Z,0.00794,0.07478715,0.000593809971,sell,bittrex,LTC/BTC
16183514,2019-08-06T08:12:12.058Z,0.00050600,20.00000000,0.01012,buy,binance,ETC/BTC
35094369,2019-08-06T06:47:05.640Z,0.007982,3,0.023946,sell,bittrex,LTC/BTC
165304270,2019-08-06T09:37:23.207Z,12214.98000000,0.00291200,35.57002176,sell,binance,BTC/USDT
383441730,2019-08-06T09:35:40.000Z,12236.0,0.4926,6027.4536,buy,bitfinex,BTC/USD
16183475,2019-08-06T07:53:46.739Z,0.00050600,4.18000000,0.00211508,sell,binance,ETC/BTC
,2019-08-06T08:23:30.000Z,12229.10000,0.58000000,1.9139517514468293e+13,sell,kraken,BTC/USD
9240318,2019-08-06T09:29:01.154Z,0.00894800,10.05900000,0.09000793199999998,buy,binance,DASH/BTC
,2019-08-06T08:48:09.000Z,12219.00000,0.06010006,1.9123728276060812e+13,sell,kraken,BTC/USD
35096152,2019-08-06T07:01:36.360Z,12194.33,0.0693703,845.9243303989999,buy,bittrex,BTC/USDT
10441965,2019-08-06T08:09:04.000Z,12195,0.72611317,8854.95010815,buy,cex.io,BTC/USD
165304697,2019-08-06T09:39:01.413Z,12214.97000000,0.00709200,86.62856724,sell,binance,BTC/USDT
383441687,2019-08-06T09:32:28.000Z,12235.0,0.005,61.175000000000004,sell,bitfinex,BTC/USD
,2019-08-06T09:12:01.000Z,12230.10000,0.20353777,1.914111818774827e+13,sell,kraken,BTC/USD
165304475,2019-08-06T09:38:07.436Z,12211.54000000,0.00142100,17.35259834,sell,binance,BTC/USDT
,2019-08-06T08:28:39.000Z,12262.10000,0.38500000,1.919116893110151e+13,buy,kraken,BTC/USD
,2019-08-06T09:38:11.000Z,12227.00000,0.10000000,1.9136285632148492e+13,buy,kraken,BTC/USD
9240239,2019-08-06T09:22:33.078Z,0.00899500,0.13600000,0.00122332,buy,binance,DASH/BTC
10441960,2019-08-06T08:08:08.000Z,12190,0.00409105,49.869899499999995,buy,cex.io,BTC/USD
35094941,2019-08-06T06:51:48.950Z,0.00796839,0.22779386,0.0018151503160854,sell,bittrex,LTC/BTC
16183498,2019-08-06T08:02:26.749Z,0.00050600,3.40000000,0.0017204000000000002,buy,binance,ETC/BTC
383441737,2019-08-06T09:36:01.000Z,12236.0,0.00588451,72.00286436,buy,bitfinex,BTC/USD
165304793,2019-08-06T09:39:22.184Z,12215.00000000,0.03186700,389.255405,sell,binance,BTC/USDT
1194979,2019-08-06T07:41:14.000Z,0.00804111,1.00000000,0.00804111,buy,cex.io,LTC/BTC
16183394,2019-08-06T07:39:46.614Z,0.00050700,22.93000000,0.011625509999999999,sell,binance,ETC/BTC
10441964,2019-08-06T08:09:04.000Z,12193.2,0.12509000,1525.2473880000002,buy,cex.io,BTC/USD
165304885,2019-08-06T09:39:38.402Z,12212.83000000,0.04975600,607.66156948,sell,binance,BTC/USDT
,2019-08-06T10:32:34.000Z,0.00798700,21.68000000,1.250035430151344e+07,buy,kraken,LTC/BTC
383441765,2019-08-06T09:38:40.000Z,12236.0,0.01,122.36,buy,bitfinex,BTC/USD
137434564,2019-08-06T09:39:10.077Z,0.01913800,0.00600000,0.00011482799999999999,sell,binance,ETH/BTC
383441731,2019-08-06T09:35:45.000Z,12236.0,0.01143901,139.96772636,buy,bitfinex,BTC/USD
,2019-08-06T08:29:48.000Z,12247.70000,0.10000000,1.916863262502826e+13,sell,kraken,BTC/USD
9240618,2019-08-06T09:35:13.462Z,0.00892600,0.80000000,0.0071408,sell,binance,DASH/BTC
383430968,2019-08-06T09:05:39.000Z,0.01911,4.36323078,0.0833813402058,sell,bitfinex,ETH/BTC
10441940,2019-08-06T07:57:01.000Z,12179.9,0.09847000,1199.354753,sell,cex.io,BTC/USD
,2019-08-06T08:55:51.000Z,12219.70000,0.34000000,1.912482947550523e+13,buy,kraken,BTC/USD
383441684,2019-08-06T09:32:27.000Z,12236.0,0.01,122.36,buy,bitfinex,BTC/USD
32813538,2019-08-06T09:28:01.041Z,0.00795700,0.76000000,0.00604732,buy,binance,LTC/BTC
383441713,2019-08-06T09:34:21.000Z,12235.11534,0.005,61.1755767,sell,bitfinex,BTC/USD
35100174,2019-08-06T07:40:18.660Z,0.00795232,0.97141637,0.007725013827478401,sell,bittrex,LTC/BTC
,2019-08-06T08:28:28.000Z,12250.70000,0.45902800,1.91733268904124e+13,sell,kraken,BTC/USD
137434667,2019-08-06T09:40:12.962Z,0.01914200,2.57400000,0.049271508,buy,binance,ETH/BTC
16183681,2019-08-06T08:50:57.653Z,0.00050500,2.46000000,0.0012423,buy,binance,ETC/BTC
10442037,2019-08-06T08:41:32.000Z,12221.3,0.15699000,1918.6218869999998,sell,cex.io,BTC/USD
35098902,2019-08-06T07:28:54.550Z,12216.3,1,12216.3,buy,bittrex,BTC/USDT
,2019-08-06T09:24:04.000Z,12239.80000,0.04041260,1.915630834543295e+13,buy,kraken,BTC/USD
383431424,2019-08-06T09:36:58.000Z,0.0079662,1.0,0.0079662,sell,bitfinex,LTC/BTC
35092057,2019-08-06T06:24:46.450Z,0.00905,0.49367278,0.004467738659,sell,bittrex,DASH/BTC
,2019-08-06T09:10:42.000Z,12228.70000,0.00470134,1.913892610840884e+13,buy,kraken,BTC/USD
10442115,2019-08-06T09:38:00.000Z,12215.6,0.02449736,299.249950816,buy,cex.io,BTC/USD
165305295,2019-08-06T09:41:39.506Z,12213.50000000,0.04135600,505.101506,sell,binance,BTC/USDT
32813853,2019-08-06T09:36:57.599Z,0.00794900,9.48000000,0.07535652,buy,binance,LTC/BTC
,2019-08-06T09:06:57.000Z,0.019070,30.00000000,2.9846121697647836e+07,sell,kraken,ETH/BTC
383392789,2019-08-06T08:51:12.000Z,0.0005054,46.89919346,0.023702852374684003,buy,bitfinex,ETC/BTC
10442101,2019-08-06T09:28:38.000Z,12209.2,0.14040000,1714.1716800000002,buy,cex.io,BTC/USD
10442107,2019-08-06T09:30:11.000Z,12209.4,0.80000000,9767.52,buy,cex.io,BTC/USD
16183746,2019-08-06T08:59:51.122Z,0.00050500,2.32000000,0.0011716,buy,binance,ETC/BTC
16183491,2019-08-06T08:00:50.764Z,0.00050600,5.71000000,0.0028892600000000003,buy,binance,ETC/BTC
35089178,2019-08-06T05:59:56.350Z,0.00050507,2.00843075,0.0010143981189025002,sell,bittrex,ETC/BTC
137434440,2019-08-06T09:38:01.257Z,0.01913300,1.67500000,0.032047775,sell,binance,ETH/BTC
10442014,2019-08-06T08:24:32.000Z,12237,0.03025207,370.19458059,buy,cex.io,BTC/USD
16183797,2019-08-06T09:17:13.874Z,0.00050400,0.73000000,0.00036792,buy,binance,ETC/BTC
137434429,2019-08-06T09:37:58.371Z,0.01913200,0.01400000,0.000267848,buy,binance,ETH/BTC
,2019-08-06T10:14:05.000Z,0.00891000,4.47300000,1.3944920233157e+07,buy,kraken,DASH/BTC
165305574,2019-08-06T09:42:39.781Z,12214.61000000,0.06753800,824.95033018,sell,binance,BTC/USDT
35095439,2019-08-06T06:56:01.580Z,0.00050519,19,0.00959861,buy,bittrex,ETC/BTC
165305358,2019-08-06T09:41:51.455Z,12214.02000000,0.05610300,685.24316406,sell,binance,BTC/USDT
383441739,2019-08-06T09:36:11.000Z,12236.0,0.00245948,30.09419728,buy,bitfinex,BTC/USD
16183666,2019-08-06T08:41:58.097Z,0.00050600,1.99000000,0.00100694,sell,binance,ETC/BTC
137434691,2019-08-06T09:40:34.613Z,0.01914500,0.16800000,0.00321636,sell,binance,ETH/BTC
9240197,2019-08-06T09:15:13.468Z,0.00898900,1.88700000,0.016962243000000002,buy,binance,DASH/BTC
383392715,2019-08-06T08:16:43.000Z,0.0005056,86.17795249,0.043571572778944,buy,bitfinex,ETC/BTC
32813963,2019-08-06T09:40:18.794Z,0.00795700,3.55000000,0.02824735,buy,binance,LTC/BTC
9240506,2019-08-06T09:30:12.147Z,0.00890300,0.58700000,0.005226061,buy,binance,DASH/BTC
32813970,2019-08-06T09:40:32.382Z,0.00795700,1.18000000,0.00938926,sell,binance,LTC/BTC
383392667,2019-08-06T08:13:51.000Z,0.0005041,126.0,0.06351659999999999,sell,bitfinex,ETC/BTC
35096259,2019-08-06T07:02:51.900Z,0.00794794,0.21159126,0.0016817146390044001,buy,bittrex,LTC/BTC
137434959,2019-08-06T09:43:32.071Z,0.01915200,0.16000000,0.0030643199999999997,buy,binance,ETH/BTC
35100423,2019-08-06T07:42:15.710Z,0.01915501,0.2674,0.005122049674000001,sell,bittrex,ETH/BTC
,2019-08-06T08:02:43.000Z,0.00799900,0.00000337,1.2519063431413053e+07,sell,kraken,LTC/BTC
35088006,2019-08-06T05:49:56.600Z,0.00050481,25,0.01262025,buy,bittrex,ETC/BTC
16183774,2019-08-06T09:03:41.858Z,0.00050500,79.26000000,0.04002630000000001,sell,binance,ETC/BTC
137434707,2019-08-06T09:40:39.608Z,0.01914100,1.99700000,0.038224576999999996,buy,binance,ETH/BTC
,2019-08-06T09:32:42.000Z,12223.70000,0.09800000,1.913111683260072e+13,sell,kraken,BTC/USD
383441851,2019-08-06T09:44:01.000Z,12235.0,0.001262,15.440570000000001,sell,bitfinex,BTC/USD
16183506,2019-08-06T08:04:30.601Z,0.00050700,15.73000000,0.007975109999999999,sell,binance,ETC/BTC
383441842,2019-08-06T09:43:30.000Z,12235.0,0.00529,64.72315,sell,bitfinex,BTC/USD
9240233,2019-08-06T09:22:11.495Z,0.00898700,0.80000000,0.007189600000000001,buy,binance,DASH/BTC
35098794,2019-08-06T07:28:08.170Z,0.00050452,8.21003999,0.0041421293757548,buy,bittrex,ETC/BTC
,2019-08-06T08:56:51.000Z,12211.50000,0.01100000,1.9111996546329465e+13,sell,kraken,BTC/USD
16183663,2019-08-06T08:40:07.674Z,0.00050500,4.80000000,0.002424,sell,binance,ETC/BTC
165305934,2019-08-06T09:43:34.508Z,12208.50000000,0.05342800,652.275738,sell,binance,BTC/USDT
383441755,2019-08-06T09:37:52.000Z,12235.0,0.005,61.175000000000004,sell,bitfinex,BTC/USD
10442080,2019-08-06T09:17:27.000Z,12224.6,0.06120000,748.14552,buy,cex.io,BTC/USD
35098941,2019-08-06T07:29:11.380Z,0.00893839,1.83,0.016357253699999998,sell,bittrex,DASH/BTC
10442105,2019-08-06T09:29:28.000Z,12207.9,0.01206756,147.319565724,sell,cex.io,BTC/USD
35099130,2019-08-06T07:31:10.080Z,0.01913701,0.04984492,0.0009538827324892,buy,bittrex,ETH/BTC
,2019-08-06T08:39:56.000Z,12225.00000,0.00004348,1.913311273213179e+13,sell,kraken,BTC/USD
10442036,2019-08-06T08:39:40.000Z,12221.3,0.20000000,2444.2599999999998,sell,cex.io,BTC/USD
10442092,2019-08-06T09:22:34.000Z,12212.1,0.20550000,2509.58655,sell,cex.io,BTC/USD
165306040,2019-08-06T09:43:55.648Z,12211.94000000,0.00104200,12.72484148,sell,binance,BTC/USDT
35099862,2019-08-06T07:37:53.130Z,12205.08883655,0.01733437,211.56752577562725,sell,bittrex,BTC/USDT
165305882,2019-08-06T09:43:28.950Z,12208.47000000,0.00001300,0.15871011,sell,binance,BTC/USDT
,2019-08-06T08:39:19.000Z,12229.40000,0.05000000,1.913999864231686e+13,buy,kraken,BTC/USD
,2019-08-06T09:02:12.000Z,12215.80000,0.02358892,1.9118730312287836e+13,buy,kraken,BTC/USD
,2019-08-06T08:20:48.000Z,12235.20000,0.10994090,1.9149062521252707e+13,buy,kraken,BTC/USD
,2019-08-06T09:02:46.000Z,12209.10000,0.00057532,1.91082446799931e+13,sell,kraken,BTC/USD
10442029,2019-08-06T08:31:16.000Z,12236.1,0.25383000,3105.889263,sell,cex.io,BTC/USD
32814092,2019-08-06T09:44:25.329Z,0.00794300,2.59000000,0.02057237,buy,binance,LTC/BTC
,2019-08-06T10:06:34.000Z,0.00798200,1.24906368,1.2492516409497445e+07,buy,kraken,LTC/BTC
35095068,2019-08-06T06:52:50.820Z,0.00796999,0.1388832,0.001106897715168,buy,bittrex,LTC/BTC
35100398,2019-08-06T07:42:01.100Z,12208.5468879,0.020838,254.40170005006019,sell,bittrex,BTC/USDT
9240396,2019-08-06T09:29:40.369Z,0.00893000,9.46400000,0.08451352000000001,buy,binance,DASH/BTC
10442039,2019-08-06T08:42:25.000Z,12200,0.00500000,61,sell,cex.io,BTC/USD
165306379,2019-08-06T09:45:19.768Z,12207.97000000,0.02368100,289.09693756999997,buy,binance,BTC/USDT
383431388,2019-08-06T08:59:48.000Z,0.007955,50.37135691,0.40070414421905004,sell,bitfinex,LTC/BTC
10442127,2019-08-06T09:43:30.000Z,12206.2,0.03000000,366.18600000000004,sell,cex.io,BTC/USD
,2019-08-06T09:06:57.000Z,0.019050,0.10427086,2.981482004977836e+07,sell,kraken,ETH/BTC
137435041,2019-08-06T09:44:24.841Z,0.01915000,0.29700000,0.0056875499999999996,buy,binance,ETH/BTC
9240253,2019-08-06T09:24:23.973Z,0.00899500,1.00000000,0.008995,buy,binance,DASH/BTC
,2019-08-06T08:54:36.000Z,12211.80000,0.75000000,1.9112464420156406e+13,sell,kraken,BTC/USD
16183817,2019-08-06T09:28:49.015Z,0.00050600,21.70000000,0.0109802,sell,binance,ETC/BTC
10441951,2019-08-06T08:02:51.000Z,12191.8,0.04989255,608.27999109,buy,cex.io,BTC/USD
383431089,2019-08-06T09:34:25.000Z,0.019119,5.0,0.095595,sell,bitfinex,ETH/BTC
165306439,2019-08-06T09:45:45.230Z,12209.38000000,0.00709200,86.58892295999999,sell,binance,BTC/USDT
9240588,2019-08-06T09:32:36.562Z,0.00891300,0.12000000,0.00106956,buy,binance,DASH/BTC
165306666,2019-08-06T09:46:30.376Z,12214.77000000,0.00090100,11.005507770000001,sell,binance,BTC/USDT
383441813,2019-08-06T09:41:45.000Z,12235.0,0.03,367.05,sell,bitfinex,BTC/USD
9240255,2019-08-06T09:24:25.739Z,0.00899400,0.25600000,0.002302464,sell,binance,DASH/BTC
35098690,2019-08-06T07:27:15.300Z,0.00050452,21.4737332,0.010833927874064,sell,bittrex,ETC/BTC
10441935,2019-08-06T07:53:44.000Z,12191.9,0.04165798,507.8899263619999,buy,cex.io,BTC/USD
,2019-08-06T09:17:34.000Z,12248.50000,0.04546431,1.916991978700229e+13,buy,kraken,BTC/USD
32813913,2019-08-06T09:38:38.792Z,0.00796400,5.90000000,0.046987600000000004,sell,binance,LTC/BTC
383441850,2019-08-06T09:43:44.000Z,12236.0,0.00333611,40.82064196,buy,bitfinex,BTC/USD
,2019-08-06T08:59:53.000Z,12206.70000,0.22586811,1.910448636870761e+13,buy,kraken,BTC/USD
9240627,2019-08-06T09:36:29.337Z,0.00892000,0.17200000,0.00153424,sell,binance,DASH/BTC
10441948,2019-08-06T08:02:36.000Z,12191,0.00668444,81.49000803999999,buy,cex.io,BTC/USD
10441970,2019-08-06T08:09:41.000Z,12200,0.12271968,1497.180096,buy,cex.io,BTC/USD
35095905,2019-08-06T06:59:18.480Z,0.00796,0.0798662,0.000635734952,sell,bittrex,LTC/BTC
10441975,2019-08-06T08:10:13.000Z,12231,0.68030000,8320.7493,sell,cex.io,BTC/USD
35097939,2019-08-06T07:18:29.890Z,0.01910615,0.05533252,0.001057191426998,sell,bittrex,ETH/BTC
,2019-08-06T09:09:49.000Z,12228.50000,0.01830000,1.913861244736138e+13,buy,kraken,BTC/USD
,2019-08-06T08:20:51.000Z,12234.00000,0.04000000,1.9147184453930793e+13,buy,kraken,BTC/USD
383441903,2019-08-06T09:47:21.000Z,12236.0,1.1829407,14474.4624052,buy,bitfinex,BTC/USD
10442102,2019-08-06T09:28:38.000Z,12214.2,0.80000000,9771.36,buy,cex.io,BTC/USD
165306989,2019-08-06T09:48:00.392Z,12218.18000000,0.03533000,431.6682994,buy,binance,BTC/USDT
35100375,2019-08-06T07:41:51.090Z,12210.0817095,0.01078916,131.73652517686904,sell,bittrex,BTC/USDT
165306520,2019-08-06T09:46:07.159Z,12210.02000000,0.00098300,12.00244966,buy,binance,BTC/USDT
383441911,2019-08-06T09:47:59.000Z,12236.0,0.03432635,420.0172186,buy,bitfinex,BTC/USD
9240320,2019-08-06T09:29:01.154Z,0.00894700,0.02000000,0.00017894000000000002,buy,binance,DASH/BTC
10442021,2019-08-06T08:27:15.000Z,12235.2,0.00692211,84.693400272,sell,cex.io,BTC/USD
383441934,2019-08-06T09:48:03.000Z,12251.0,0.24492,3000.51492,buy,bitfinex,BTC/USD
16183531,2019-08-06T08:19:21.564Z,0.00050500,3.87000000,0.00195435,buy,binance,ETC/BTC
165306930,2019-08-06T09:47:49.294Z,12217.45000000,0.00382400,46.719528800000006,buy,binance,BTC/USDT
383441915,2019-08-06T09:48:01.000Z,12238.0,0.25,3059.5,buy,bitfinex,BTC/USD
32814099,2019-08-06T09:44:42.621Z,0.00795000,0.37000000,0.0029415,sell,binance,LTC/BTC
9240668,2019-08-06T09:38:24.430Z,0.00891300,1.50200000,0.013387326000000001,buy,binance,DASH/BTC
,2019-08-06T09:21:30.000Z,12237.00000,0.30500000,1.9151924226448113e+13,buy,kraken,BTC/USD
383431390,2019-08-06T08:59:50.000Z,0.007955,43.48655247,0.34593552489885,sell,bitfinex,LTC/BTC
383441961,2019-08-06T09:49:16.000Z,12250.0420065,0.005,61.2502100325,buy,bitfinex,BTC/USD
35096799,2019-08-06T07:08:07.070Z,0.00902395,0.38743722,0.003496214101419,buy,bittrex,DASH/BTC
9240315,2019-08-06T09:29:01.154Z,0.00895400,2.38200000,0.021328428,buy,binance,DASH/BTC
9240487,2019-08-06T09:30:02.258Z,0.00891300,0.71600000,0.006381708000000001,sell,binance,DASH/BTC
35098313,2019-08-06T07:22:36.930Z,0.00794888,0.10267665,0.000816164369652,buy,bittrex,LTC/BTC
383442007,2019-08-06T09:51:01.000Z,12254.0,0.02380423,291.69703441999997,buy,bitfinex,BTC/USD
137435409,2019-08-06T09:49:01.525Z,0.01913000,3.83300000,0.07332529,buy,binance,ETH/BTC
383441931,2019-08-06T09:48:03.000Z,12248.0,0.75,9186,buy,bitfinex,BTC/USD
,2019-08-06T09:32:29.000Z,0.00794700,0.00000134,1.243772214408816e+07,sell,kraken,LTC/BTC
165308004,2019-08-06T09:51:02.938Z,12226.24000000,0.00643100,78.62694944,buy,binance,BTC/USDT
10442090,2019-08-06T09:22:08.000Z,12222.4,0.01663831,203.360080144,sell,cex.io,BTC/USD
35100351,2019-08-06T07:41:41.130Z,12210.0817095,0.0135,164.83610307825,sell,bittrex,BTC/USDT
10442040,2019-08-06T08:43:13.000Z,12178.3,0.16598844,2021.4570188519997,sell,cex.io,BTC/USD
35094997,2019-08-06T06:52:15.320Z,0.00796999,0.14988883,0.0011946124762117,buy,bittrex,LTC/BTC
35100079,2019-08-06T07:39:36.550Z,0.00893144,0.12342926,0.0011024010299344,buy,bittrex,DASH/BTC
165308164,2019-08-06T09:51:28.595Z,12230.00000000,1.73625100,21234.349729999998,sell,binance,BTC/USDT
9240669,2019-08-06T09:38:24.433Z,0.00891600,3.11800000,0.027800088,buy,binance,DASH/BTC
165308345,2019-08-06T09:51:44.068Z,12244.83000000,0.03036600,371.82650778,sell,binance,BTC/USDT
137435511,2019-08-06T09:50:05.490Z,0.01915800,0.01400000,0.00026821200000000004,sell,binance,ETH/BTC
383442013,2019-08-06T09:51:13.000Z,12255.0,0.1617871,1982.7009105,buy,bitfinex,BTC/USD
10441949,2019-08-06T08:02:37.000Z,12191,0.00668444,81.49000803999999,buy,cex.io,BTC/USD
16183672,2019-08-06T08:44:48.977Z,0.00050500,1.77000000,0.0008938500000000001,buy,binance,ETC/BTC
10442098,2019-08-06T09:25:38.000Z,12215.3,0.09359000,1143.229927,buy,cex.io,BTC/USD
10442054,2019-08-06T08:54:50.000Z,12204.1,0.05911017,721.3864256969999,sell,cex.io,BTC/USD
32814298,2019-08-06T09:51:18.194Z,0.00795900,0.35000000,0.00278565,buy,binance,LTC/BTC
383442029,2019-08-06T09:51:47.000Z,12259.0,0.75,9194.25,buy,bitfinex,BTC/USD
383430934,2019-08-06T09:01:26.000Z,0.019105,0.22,0.0042031,sell,bitfinex,ETH/BTC
137435797,2019-08-06T09:51:45.303Z,0.01917200,0.20700000,0.003968604,buy,binance,ETH/BTC
,2019-08-06T08:48:30.000Z,0.00797400,0.00014810,1.2479958368723724e+07,sell,kraken,LTC/BTC
137435414,2019-08-06T09:49:02.543Z,0.01913900,4.00000000,0.076556,sell,binance,ETH/BTC
10441931,2019-08-06T07:53:33.000Z,12191.9,0.04700000,573.0192999999999,buy,cex.io,BTC/USD
10442010,2019-08-06T08:23:28.000Z,12237,0.03818582,467.27987934000004,buy,cex.io,BTC/USD
,2019-08-06T08:28:39.000Z,12259.60000,0.00538999,1.9187256229970785e+13,buy,kraken,BTC/USD
9240439,2019-08-06T09:29:52.570Z,0.00889800,30.00000000,0.26694,buy,binance,DASH/BTC
383392668,2019-08-06T08:13:51.000Z,0.00050398,9.92102471,0.0049999980333457995,sell,bitfinex,ETC/BTC
32814101,2019-08-06T09:44:48.100Z,0.00794700,5.25000000,0.041721749999999995,sell,binance,LTC/BTC
,2019-08-06T08:58:59.000Z,12202.00000,0.32362832,1.9097129821319168e+13,sell,kraken,BTC/USD
137435943,2019-08-06T09:53:17.452Z,0.01918800,1.49800000,0.028743624,sell,binance,ETH/BTC
383431000,2019-08-06T09:13:39.000Z,0.01911,5.96854901,0.1140589715811,buy,bitfinex,ETH/BTC
137435968,2019-08-06T09:53:22.298Z,0.01918100,0.02500000,0.000479525,buy,binance,ETH/BTC
137436180,2019-08-06T09:53:56.036Z,0.01919700,0.15600000,0.002994732,buy,binance,ETH/BTC
35101233,2019-08-06T07:49:46.120Z,0.01916258,15.07883888,0.2889494563451104,buy,bittrex,ETH/BTC
10441952,2019-08-06T08:03:02.000Z,12189.8,0.03660000,446.14668,sell,cex.io,BTC/USD
165309642,2019-08-06T09:53:57.833Z,12253.11000000,0.06443800,789.56590218,sell,binance,BTC/USDT
137436039,2019-08-06T09:53:35.057Z,0.01919000,0.25500000,0.00489345,buy,binance,ETH/BTC
35099891,2019-08-06T07:38:01.540Z,12205.08882604,0.01733438,211.56764764433126,sell,bittrex,BTC/USDT
10441956,2019-08-06T08:06:55.000Z,12190,0.00383264,46.7198816,buy,cex.io,BTC/USD
383441992,2019-08-06T09:50:34.000Z,12250.0,0.932467,11422.72075,buy,bitfinex,BTC/USD
137435952,2019-08-06T09:53:18.338Z,0.01919100,3.12900000,0.060048639,sell,binance,ETH/BTC
383392804,2019-08-06T08:58:58.000Z,0.00050597,142.4,0.072050128,buy,bitfinex,ETC/BTC
383442105,2019-08-06T09:54:31.000Z,12260.0,0.025,306.5,sell,bitfinex,BTC/USD
,2019-08-06T08:19:41.000Z,0.00798400,21.67000000,1.2495595378137121e+07,sell,kraken,LTC/BTC
32813985,2019-08-06T09:40:46.122Z,0.00795800,9.72000000,0.07735176,sell,binance,LTC/BTC
137436001,2019-08-06T09:53:31.193Z,0.01919100,0.13400000,0.002571594,sell,binance,ETH/BTC
1194989,2019-08-06T09:45:26.000Z,0.00793681,27.56925028,0.21881190131480682,sell,cex.io,LTC/BTC
35101727,2019-08-06T07:54:07.300Z,0.00050321,29.40796355,0.014798381337995502,sell,bittrex,ETC/BTC
35096216,2019-08-06T07:02:22.080Z,0.00901027,0.44393786,0.0039999999818222005,sell,bittrex,DASH/BTC
35092011,2019-08-06T06:24:29.280Z,0.00905779,0.15456309,0.0014000000109710999,sell,bittrex,DASH/BTC
10442132,2019-08-06T09:47:39.000Z,12203.3,0.00698416,85.22979972799999,sell,cex.io,BTC/USD
383431159,2019-08-06T09:42:48.000Z,0.019133,0.5,0.0095665,buy,bitfinex,ETH/BTC
9240381,2019-08-06T09:29:28.677Z,0.00894400,0.10700000,0.0009570080000000001,buy,binance,DASH/BTC
165310310,2019-08-06T09:54:57.514Z,12230.93000000,0.09817600,1200.78378368,sell,binance,BTC/USDT
35099808,2019-08-06T07:37:31.880Z,12205.09000001,0.01217825,148.63663729262177,sell,bittrex,BTC/USDT
16183724,2019-08-06T08:59:49.116Z,0.00050600,49.83000000,0.02521398,buy,binance,ETC/BTC
10442005,2019-08-06T08:21:29.000Z,12234.9,0.22478000,2750.160822,buy,cex.io,BTC/USD
9240389,2019-08-06T09:29:36.274Z,0.00894200,0.02000000,0.00017884000000000002,buy,binance,DASH/BTC
165310314,2019-08-06T09:54:57.840Z,12230.74000000,0.07879000,963.6600046,sell,binance,BTC/USDT
,2019-08-06T09:36:30.000Z,0.00794500,27.50000000,1.2434593897157338e+07,sell,kraken,LTC/BTC
9240307,2019-08-06T09:28:38.622Z,0.00897500,0.02000000,0.0001795,sell,binance,DASH/BTC
32814280,2019-08-06T09:50:33.683Z,0.00795600,2.36000000,0.018776159999999997,sell,binance,LTC/BTC
137436344,2019-08-06T09:55:22.930Z,0.01920200,0.98900000,0.018990778,buy,binance,ETH/BTC
165310854,2019-08-06T09:56:19.417Z,12218.43000000,0.13386900,1635.66900567,sell,binance,BTC/USDT
32814395,2019-08-06T09:53:26.549Z,0.00795100,0.10000000,0.0007951,sell,binance,LTC/BTC
35099927,2019-08-06T07:38:24.860Z,12206.08153434,0.01733678,211.61415022291504,sell,bittrex,BTC/USDT
35098926,2019-08-06T07:29:03.330Z,0.00896606,0.55486998,0.004974997532878799,sell,bittrex,DASH/BTC
383442122,2019-08-06T09:55:11.000Z,12257.0,0.00213154,26.12628578,sell,bitfinex,BTC/USD
16183568,2019-08-06T08:26:13.732Z,0.00050300,0.20000000,0.0001006,buy,binance,ETC/BTC
10442006,2019-08-06T08:21:29.000Z,12235.1,0.01985680,242.94993368000002,buy,cex.io,BTC/USD
383431286,2019-08-06T08:13:05.000Z,0.0079673,105.6464,0.8417165627200001,buy,bitfinex,LTC/BTC
10442130,2019-08-06T09:46:34.000Z,12219.6,0.05714180,698.24993928,buy,cex.io,BTC/USD
137436067,2019-08-06T09:53:38.373Z,0.01919000,0.14900000,0.00285931,buy,binance,ETH/BTC
35099872,2019-08-06T07:37:56.470Z,12205.08882604,0.00216634,26.440372127403496,sell,bittrex,BTC/USDT
9240721,2019-08-06T09:50:03.382Z,0.00891700,2.23200000,0.019902744,buy,binance,DASH/BTC
10442137,2019-08-06T09:53:01.000Z,12234.8,0.06600000,807.4968,sell,cex.io,BTC/USD
10442011,2019-08-06T08:23:33.000Z,12237,0.00163030,19.9499811,buy,cex.io,BTC/USD
35095265,2019-08-06T06:54:30.560Z,0.00050519,25,0.012629749999999999,sell,bittrex,ETC/BTC
16183750,2019-08-06T08:59:52.076Z,0.00050500,12.00000000,0.00606,buy,binance,ETC/BTC
383442080,2019-08-06T09:53:26.000Z,12265.0,0.005,61.325,buy,bitfinex,BTC/USD
9240752,2019-08-06T09:53:08.259Z,0.00890400,3.26000000,0.02902704,sell,binance,DASH/BTC
383431379,2019-08-06T08:59:04.000Z,0.007973,12.0,0.09567599999999998,buy,bitfinex,LTC/BTC
10442062,2019-08-06T09:03:48.000Z,12227,0.00920000,112.4884,buy,cex.io,BTC/USD
,2019-08-06T10:32:43.000Z,0.00801100,0.00357502,1.2537916471160049e+07,buy,kraken,LTC/BTC
383442111,2019-08-06T09:54:43.000Z,12258.0,0.002283,27.985014,buy,bitfinex,BTC/USD
35094811,2019-08-06T06:50:36.570Z,0.00797999,3.09655252,0.0247104581440748,sell,bittrex,LTC/BTC
165310960,2019-08-06T09:56:49.319Z,12216.10000000,0.03356400,410.0211804,sell,binance,BTC/USDT
16183709,2019-08-06T08:58:21.125Z,0.00050500,0.50000000,0.0002525,buy,binance,ETC/BTC
383442046,2019-08-06T09:51:57.000Z,12262.0,0.005,61.31,sell,bitfinex,BTC/USD
35096243,2019-08-06T07:02:40.710Z,0.00794186,0.26214052,0.0020818833101672,buy,bittrex,LTC/BTC
9240594,2019-08-06T09:32:49.068Z,0.00892200,1.87800000,0.016755515999999998,sell,binance,DASH/BTC
10441980,2019-08-06T08:12:13.000Z,12232.2,0.01000000,122.322,buy,cex.io,BTC/USD
383442072,2019-08-06T09:53:21.000Z,12261.0,0.005,61.305,buy,bitfinex,BTC/USD
383443295,2019-08-06T09:57:10.000Z,0.019215,0.32284,0.0062033706,sell,bitfinex,ETH/BTC
9240448,2019-08-06T09:29:52.570Z,0.00889000,0.17900000,0.00159131,buy,binance,DASH/BTC
165311321,2019-08-06T09:58:27.640Z,12237.05000000,0.00184000,22.516172,buy,binance,BTC/USDT
16183652,2019-08-06T08:35:18.125Z,0.00050500,0.20000000,0.00010100000000000002,sell,binance,ETC/BTC
383442151,2019-08-06T09:57:18.000Z,12245.0,0.005,61.225,buy,bitfinex,BTC/USD
383442118,2019-08-06T09:55:06.000Z,12257.0,0.0004,4.9028,sell,bitfinex,BTC/USD
,2019-08-06T09:54:42.000Z,0.00795500,7.49000000,1.2450253418318752e+07,buy,kraken,LTC/BTC
383442104,2019-08-06T09:54:27.000Z,12260.0,0.005,61.300000000000004,sell,bitfinex,BTC/USD
35095906,2019-08-06T06:59:18.480Z,0.00796,0.08932286,0.0007110099656,sell,bittrex,LTC/BTC
137436283,2019-08-06T09:54:41.217Z,0.01919800,0.00900000,0.000172782,buy,binance,ETH/BTC
9240399,2019-08-06T09:29:40.369Z,0.00892400,0.01300000,0.00011601199999999999,buy,binance,DASH/BTC
383442146,2019-08-06T09:56:21.000Z,12246.0,0.005,61.230000000000004,sell,bitfinex,BTC/USD
137436534,2019-08-06T09:56:44.487Z,0.01921500,2.00000000,0.03843,sell,binance,ETH/BTC
35100551,2019-08-06T07:43:33.710Z,0.00891094,0.14106268,0.0012570010777191998,sell,bittrex,DASH/BTC
35100358,2019-08-06T07:41:44.550Z,12210.0817095,0.020836,254.40926249914202,sell,bittrex,BTC/USDT
137436559,2019-08-06T09:57:06.638Z,0.01920500,0.00600000,0.00011523,sell,binance,ETH/BTC
137436664,2019-08-06T09:58:30.288Z,0.01921100,0.35000000,0.006723849999999999,buy,binance,ETH/BTC
383442132,2019-08-06T09:55:51.000Z,12258.0,0.0164,201.0312,buy,bitfinex,BTC/USD
383431294,2019-08-06T08:14:22.000Z,0.0079864,0.281,0.0022441784,sell,bitfinex,LTC/BTC
16183748,2019-08-06T08:59:52.076Z,0.00050500,12.00000000,0.00606,buy,binance,ETC/BTC
9240525,2019-08-06T09:30:15.556Z,0.00891200,0.66600000,0.005935392,sell,binance,DASH/BTC
383442135,2019-08-06T09:56:10.000Z,12255.0,0.04,490.2,sell,bitfinex,BTC/USD
9240568,2019-08-06T09:31:37.386Z,0.00890600,0.17900000,0.001594174,buy,binance,DASH/BTC
9240743,2019-08-06T09:51:46.271Z,0.00890700,0.60500000,0.0053887349999999995,buy,binance,DASH/BTC
9240524,2019-08-06T09:30:15.029Z,0.00891300,0.72300000,0.006444099,sell,binance,DASH/BTC
137436710,2019-08-06T09:58:56.322Z,0.01921700,0.86200000,0.016565054000000003,buy,binance,ETH/BTC
10442145,2019-08-06T09:59:16.000Z,12233.7,0.01082666,132.450110442,sell,cex.io,BTC/USD
16183628,2019-08-06T08:32:43.149Z,0.00050400,24.02000000,0.01210608,sell,binance,ETC/BTC
9240713,2019-08-06T09:47:59.580Z,0.00891200,8.00000000,0.071296,buy,binance,DASH/BTC
10442077,2019-08-06T09:15:50.000Z,12226.8,0.00203896,24.929956127999997,buy,cex.io,BTC/USD
35098727,2019-08-06T07:27:26.200Z,0.01913706,0.29772632,0.0056976064494192,buy,bittrex,ETH/BTC
165311962,2019-08-06T10:00:31.844Z,12236.49000000,0.02143800,262.32587262,sell,binance,BTC/USDT
,2019-08-06T10:10:41.000Z,0.00798300,22.50000000,1.2494083469885204e+07,sell,kraken,LTC/BTC
10442000,2019-08-06T08:18:27.000Z,12229.4,0.00610000,74.59934,sell,cex.io,BTC/USD
32814532,2019-08-06T09:57:36.062Z,0.00797000,2.25000000,0.0179325,buy,binance,LTC/BTC
35100600,2019-08-06T07:44:00.950Z,0.01915603,1.6794929,0.032172416377187006,sell,bittrex,ETH/BTC
16183512,2019-08-06T08:12:12.058Z,0.00050600,0.30000000,0.0001518,buy,binance,ETC/BTC
35094935,2019-08-06T06:51:46.840Z,0.00796954,0.08259734,0.0006582628050236001,sell,bittrex,LTC/BTC
137437000,2019-08-06T10:01:15.959Z,0.01923600,0.02000000,0.00038472,buy,binance,ETH/BTC
165311973,2019-08-06T10:00:34.233Z,12237.46000000,0.09813700,1200.94761202,sell,binance,BTC/USDT
10442143,2019-08-06T09:55:30.000Z,12229.5,0.10000000,1222.95,buy,cex.io,BTC/USD
1194993,2019-08-06T10:00:50.000Z,0.00799903,0.83295100,0.006662800037530001,buy,cex.io,LTC/BTC
,2019-08-06T10:36:19.000Z,0.00899000,0.00003847,1.4070139136650473e+07,buy,kraken,DASH/BTC
,2019-08-06T09:51:23.000Z,0.019180,2.84385398,3.001833190909651e+07,sell,kraken,ETH/BTC
1194991,2019-08-06T10:00:20.000Z,0.0079777,0.16510899,0.0013171899895230003,buy,cex.io,LTC/BTC
35095998,2019-08-06T06:59:49.380Z,0.00050555,25,0.01263875,sell,bittrex,ETC/BTC
,2019-08-06T10:00:22.000Z,0.00796600,0.00050034,1.2467472066829162e+07,sell,kraken,LTC/BTC
,2019-08-06T08:57:28.000Z,12214.80000,0.02000000,1.911716176841399e+13,buy,kraken,BTC/USD
,2019-08-06T09:56:47.000Z,0.00796000,5.36111864,1.245807984486455e+07,buy,kraken,LTC/BTC
16183848,2019-08-06T09:51:04.463Z,0.00050500,0.32000000,0.0001616,sell,binance,ETC/BTC
137437881,2019-08-06T10:02:12.266Z,0.01935200,0.01000000,0.00019352,buy,binance,ETH/BTC
,2019-08-06T10:02:04.000Z,12262.50000,0.05364692,1.919186369062848e+13,sell,kraken,BTC/USD
9240469,2019-08-06T09:29:59.232Z,0.00891500,0.58500000,0.005215274999999999,sell,binance,DASH/BTC
137437932,2019-08-06T10:02:14.576Z,0.01934000,2.28100000,0.04411454,buy,binance,ETH/BTC
10442110,2019-08-06T09:35:06.000Z,12207.3,0.80000000,9765.84,sell,cex.io,BTC/USD
10442028,2019-08-06T08:30:55.000Z,12236.1,0.00400000,48.9444,sell,cex.io,BTC/USD
32814480,2019-08-06T09:55:36.819Z,0.00797300,0.12000000,0.0009567599999999999,sell,binance,LTC/BTC
383392664,2019-08-06T08:13:51.000Z,0.000505,23.631,0.011933655000000001,sell,bitfinex,ETC/BTC
1194992,2019-08-06T10:00:20.000Z,0.00799312,0.66848991,0.0053433200694192,buy,cex.io,LTC/BTC
10441984,2019-08-06T08:13:06.000Z,12232.2,0.00666193,81.490060146,buy,cex.io,BTC/USD
16183642,2019-08-06T08:34:01.653Z,0.00050400,24.07000000,0.01213128,sell,binance,ETC/BTC
16183703,2019-08-06T08:54:03.713Z,0.00050500,10.00000000,0.005050000000000001,buy,binance,ETC/BTC
35096976,2019-08-06T07:09:00.290Z,0.00902252,0.24403028,0.0022017680819055997,buy,bittrex,DASH/BTC
137438195,2019-08-06T10:02:34.447Z,0.01934500,6.48400000,0.12543298,buy,binance,ETH/BTC
9240825,2019-08-06T09:59:18.355Z,0.00890300,8.42900000,0.075043387,buy,binance,DASH/BTC
383443431,2019-08-06T10:02:03.000Z,0.019352,1.44870819,0.028035400892880005,buy,bitfinex,ETH/BTC
383445416,2019-08-06T10:03:11.000Z,12282.0,0.00399689,49.08980298,sell,bitfinex,BTC/USD
,2019-08-06T10:02:24.000Z,0.019310,1.89818000,3.022180572961632e+07,sell,kraken,ETH/BTC
165313478,2019-08-06T10:02:55.191Z,12254.39000000,0.03990100,488.96241539,buy,binance,BTC/USDT
383445395,2019-08-06T10:02:42.000Z,12286.0,0.07,860.0200000000001,sell,bitfinex,BTC/USD
35100236,2019-08-06T07:40:52.570Z,12208.092,0.00081227,9.916266888840001,sell,bittrex,BTC/USDT
,2019-08-06T12:28:38.000Z,0.00907000,1.58494879,1.4195407283460738e+07,sell,kraken,DASH/BTC
32814556,2019-08-06T09:58:38.775Z,0.00798000,0.08000000,0.0006383999999999999,sell,binance,LTC/BTC
,2019-08-06T09:17:33.000Z,12243.20000,0.40249006,1.9161624846309188e+13,buy,kraken,BTC/USD
383392661,2019-08-06T08:13:51.000Z,0.00050549,193.82803552,0.0979781336750048,sell,bitfinex,ETC/BTC
,2019-08-06T08:46:41.000Z,12208.00000,0.01198834,1.9106511309339113e+13,sell,kraken,BTC/USD
32814393,2019-08-06T09:53:26.123Z,0.00795000,0.59000000,0.0046905,sell,binance,LTC/BTC
165314265,2019-08-06T10:04:03.104Z,12246.57000000,0.04278500,523.96949745,buy,binance,BTC/USDT
383443429,2019-08-06T10:02:03.000Z,0.019352,2.10163319,0.04067080549288,buy,bitfinex,ETH/BTC
35097440,2019-08-06T07:15:00.380Z,0.00900001,2.58939058,0.023304541113905796,sell,bittrex,DASH/BTC
861588,2019-08-06T10:02:05.000Z,0.019341,0.34456700,0.006664270347000001,sell,cex.io,ETH/BTC
383445350,2019-08-06T10:02:10.000Z,12290.0,0.01,122.9,buy,bitfinex,BTC/USD
,2019-08-06T09:32:13.000Z,12223.60000,0.31900000,1.9130959967732508e+13,buy,kraken,BTC/USD
383445455,2019-08-06T10:04:24.000Z,12282.0,0.01,122.82000000000001,sell,bitfinex,BTC/USD
383445389,2019-08-06T10:02:38.000Z,12287.0,0.00041684,5.121713079999999,buy,bitfinex,BTC/USD
9240531,2019-08-06T09:30:22.939Z,0.00890300,0.71100000,0.006330033,buy,binance,DASH/BTC
16183838,2019-08-06T09:45:06.035Z,0.00050500,4.85000000,0.00244925,buy,binance,ETC/BTC
10442003,2019-08-06T08:20:37.000Z,12242.4,0.01841000,225.38258399999998,buy,cex.io,BTC/USD
32814760,2019-08-06T10:02:29.299Z,0.00797700,2.38000000,0.018985259999999997,sell,binance,LTC/BTC
35102231,2019-08-06T07:58:46.950Z,0.00891986,0.05605579,0.0005000097989894,buy,bittrex,DASH/BTC
165314446,2019-08-06T10:04:46.362Z,12243.82000000,1.44847800,17734.90390596,buy,binance,BTC/USDT
137439134,2019-08-06T10:05:13.674Z,0.01936000,0.00700000,0.00013552,buy,binance,ETH/BTC
383431410,2019-08-06T09:02:41.000Z,0.007944,0.04,0.00031776,buy,bitfinex,LTC/BTC
35101636,2019-08-06T07:53:12.750Z,0.00891986,1.76056883,0.0157040274839638,sell,bittrex,DASH/BTC
35101328,2019-08-06T07:50:29.400Z,12215,0.07886,963.2749,buy,bittrex,BTC/USDT
9240811,2019-08-06T09:59:00.467Z,0.00891300,0.04900000,0.00043673700000000003,buy,binance,DASH/BTC
35099916,2019-08-06T07:38:17.050Z,12206.08153432,0.01733558,211.5995029247271,sell,bittrex,BTC/USDT
10441977,2019-08-06T08:10:49.000Z,12231,0.21970000,2687.1507,sell,cex.io,BTC/USD
10442131,2019-08-06T09:47:39.000Z,12203.4,0.08301584,1013.0755018559998,sell,cex.io,BTC/USD
35098126,2019-08-06T07:20:54.520Z,0.00050456,30.65026884,0.0154648996459104,buy,bittrex,ETC/BTC
16183705,2019-08-06T08:54:16.537Z,0.00050500,2.14000000,0.0010807000000000002,buy,binance,ETC/BTC
16183594,2019-08-06T08:27:00.229Z,0.00050300,0.20000000,0.0001006,sell,binance,ETC/BTC
,2019-08-06T10:35:00.000Z,0.019410,0.66522388,3.0378352257244565e+07,sell,kraken,ETH/BTC
9240484,2019-08-06T09:30:01.120Z,0.00891200,1.07600000,0.009589312000000001,sell,binance,DASH/BTC
32814578,2019-08-06T09:59:14.664Z,0.00797800,0.02000000,0.00015956000000000002,buy,binance,LTC/BTC
383445580,2019-08-06T10:06:00.000Z,12283.0,0.15817011,1942.80346113,buy,bitfinex,BTC/USD
165315140,2019-08-06T10:06:10.040Z,12274.25000000,0.05730200,703.3390735,sell,binance,BTC/USDT
,2019-08-06T12:58:36.000Z,0.00906000,0.00143928,1.4179772627466446e+07,sell,kraken,DASH/BTC
,2019-08-06T08:56:19.000Z,12213.00000,0.00200000,1.9114343777003945e+13,buy,kraken,BTC/USD
383431330,2019-08-06T08:58:56.000Z,0.0079664,15.61182097,0.124370010575408,buy,bitfinex,LTC/BTC
383445631,2019-08-06T10:06:12.000Z,12282.0,0.32,3930.2400000000002,sell,bitfinex,BTC/USD
32814863,2019-08-06T10:05:58.417Z,0.00798500,2.41000000,0.019243850000000003,sell,binance,LTC/BTC
383445632,2019-08-06T10:06:12.000Z,12281.0,0.77283664,9491.206775839999,sell,bitfinex,BTC/USD
16183689,2019-08-06T08:53:24.407Z,0.00050600,96.69000000,0.048925140000000006,sell,binance,ETC/BTC
,2019-08-06T10:03:03.000Z,12280.10000,0.00400000,1.9219409931015668e+13,buy,kraken,BTC/USD
35102301,2019-08-06T07:59:21.620Z,12218.13,0.00562006,68.6666236878,buy,bittrex,BTC/USDT
861586,2019-08-06T10:02:04.000Z,0.019328,0.50000000,0.009664,sell,cex.io,ETH/BTC
,2019-08-06T09:45:45.000Z,0.00793500,5.00000000,1.2418947454324476e+07,sell,kraken,LTC/BTC
35100488,2019-08-06T07:42:55.180Z,0.01916744,3.37119506,0.06461717904084639,buy,bittrex,ETH/BTC
9240486,2019-08-06T09:30:01.960Z,0.00891300,0.15900000,0.0014171670000000002,sell,binance,DASH/BTC
383431375,2019-08-06T08:59:02.000Z,0.0079736,48.76214472,0.38880983713939204,buy,bitfinex,LTC/BTC
383445674,2019-08-06T10:06:18.000Z,12290.0,0.001,12.290000000000001,buy,bitfinex,BTC/USD
137440205,2019-08-06T10:06:45.269Z,0.01942900,0.01700000,0.000330293,buy,binance,ETH/BTC
,2019-08-06T09:52:45.000Z,12257.50000,0.36276029,1.9184031411663098e+13,buy,kraken,BTC/USD
137440034,2019-08-06T10:06:31.687Z,0.01942100,0.20000000,0.0038842000000000004,buy,binance,ETH/BTC
,2019-08-06T10:06:10.000Z,12299.60000,0.27335000,1.924993140071515e+13,buy,kraken,BTC/USD
,2019-08-06T08:51:45.000Z,0.00794200,80.00000000,1.2429877317243293e+07,sell,kraken,LTC/BTC
383392732,2019-08-06T08:26:31.000Z,0.00050244,2.32953268,0.0011704503997392,sell,bitfinex,ETC/BTC
32814436,2019-08-06T09:54:22.826Z,0.00795900,0.28000000,0.0022285200000000003,sell,binance,LTC/BTC
35096804,2019-08-06T07:08:07.660Z,0.00902394,0.38743722,0.0034962102270468,buy,bittrex,DASH/BTC
10442002,2019-08-06T08:18:41.000Z,12242.9,0.00162951,19.949927978999998,buy,cex.io,BTC/USD
9240563,2019-08-06T09:31:31.042Z,0.00891800,1.47800000,0.013180804,sell,binance,DASH/BTC
16183884,2019-08-06T10:02:06.878Z,0.00050600,3.57000000,0.00180642,sell,binance,ETC/BTC
1194994,2019-08-06T10:02:47.000Z,0.00800343,0.99999991,0.0080034292796913,buy,cex.io,LTC/BTC
9240900,2019-08-06T10:07:20.312Z,0.00894400,4.50300000,0.040274832,sell,binance,DASH/BTC
16183892,2019-08-06T10:03:13.902Z,0.00050700,3.88000000,0.00196716,sell,binance,ETC/BTC
383431440,2019-08-06T10:01:56.000Z,0.0079844,9.533,0.0761152852,buy,bitfinex,LTC/BTC
383443529,2019-08-06T10:05:23.000Z,0.01937,1.0,0.01937,buy,bitfinex,ETH/BTC
10442073,2019-08-06T09:12:59.000Z,12206.8,0.07023938,857.398063784,sell,cex.io,BTC/USD
32814773,2019-08-06T10:02:50.083Z,0.00798200,5.98000000,0.04773236,sell,binance,LTC/BTC
383445784,2019-08-06T10:08:46.000Z,12295.0,0.005,61.475,buy,bitfinex,BTC/USD
,2019-08-06T08:51:45.000Z,0.00789600,0.10000000,1.2357883568440268e+07,sell,kraken,LTC/BTC
383392815,2019-08-06T08:59:51.000Z,0.00050608,32.33632065,0.016364765154552,sell,bitfinex,ETC/BTC
10442117,2019-08-06T09:40:29.000Z,12216.1,0.05700000,696.3177000000001,buy,cex.io,BTC/USD
383445737,2019-08-06T10:07:57.000Z,12290.0,0.12809022,1574.2288038000002,buy,bitfinex,BTC/USD
10442001,2019-08-06T08:18:33.000Z,12242.3,0.00240477,29.439915771,buy,cex.io,BTC/USD
35103147,2019-08-06T08:06:04.060Z,12254.3201592,0.00339953,41.658929010805174,buy,bittrex,BTC/USDT
,2019-08-06T09:14:12.000Z,12229.30000,0.00200000,1.9139867726708566e+13,sell,kraken,BTC/USD
165316580,2019-08-06T10:08:40.688Z,12279.00000000,0.01000000,122.79,sell,binance,BTC/USDT
165316849,2019-08-06T10:08:55.628Z,12270.27000000,0.02738500,336.02134395,buy,binance,BTC/USDT
137440476,2019-08-06T10:08:03.019Z,0.01940200,10.50100000,0.203740402,buy,binance,ETH/BTC
,2019-08-06T08:21:35.000Z,0.00799600,0.00047441,1.251437724917362e+07,sell,kraken,LTC/BTC
861592,2019-08-06T10:05:31.000Z,0.019418,0.45851600,0.008903463688,sell,cex.io,ETH/BTC
35098290,2019-08-06T07:22:30.340Z,0.00794888,4.05125284,0.0322029226748192,buy,bittrex,LTC/BTC
,2019-08-06T10:02:02.000Z,0.019330,104.00000000,3.0253107011303198e+07,buy,kraken,ETH/BTC
383392662,2019-08-06T08:13:51.000Z,0.0005054,862.145382,0.43572827606280007,sell,bitfinex,ETC/BTC
137440734,2019-08-06T10:09:26.221Z,0.01939400,0.05100000,0.000989094,buy,binance,ETH/BTC
165317151,2019-08-06T10:09:15.145Z,12260.01000000,0.00122000,14.957212199999999,buy,binance,BTC/USDT
383445828,2019-08-06T10:09:09.000Z,12290.0,0.1,1229,buy,bitfinex,BTC/USD
383443580,2019-08-06T10:06:41.000Z,0.019412,0.0000039,7.570679999999999e-08,buy,bitfinex,ETH/BTC
35102769,2019-08-06T08:02:28.580Z,0.0005056,17.55814713,0.008877399188928,buy,bittrex,ETC/BTC
32814715,2019-08-06T10:02:04.512Z,0.00799500,13.99000000,0.11185005,sell,binance,LTC/BTC
10442068,2019-08-06T09:07:48.000Z,12218.8,0.34254836,4185.529901168,buy,cex.io,BTC/USD
16183712,2019-08-06T08:58:56.419Z,0.00050600,25.51000000,0.012908060000000002,sell,binance,ETC/BTC
35100080,2019-08-06T07:39:36.550Z,0.00893182,0.15772587,0.0014087790801833998,buy,bittrex,DASH/BTC
383392750,2019-08-06T08:33:21.000Z,0.00050353,60.44435235,0.0304355447387955,buy,bitfinex,ETC/BTC
,2019-08-06T09:36:30.000Z,0.00794800,26.19000000,1.2439289149681728e+07,sell,kraken,LTC/BTC
9240917,2019-08-06T10:07:55.678Z,0.00894600,0.01400000,0.00012524400000000002,buy,binance,DASH/BTC
16183570,2019-08-06T08:26:13.732Z,0.00050300,15.66000000,0.00787698,buy,binance,ETC/BTC
35092037,2019-08-06T06:24:41.110Z,0.00905449,0.056518,0.00051174166582,sell,bittrex,DASH/BTC
,2019-08-06T08:51:42.000Z,0.00796200,0.00000123,1.2461178924347715e+07,sell,kraken,LTC/BTC
383445844,2019-08-06T10:09:46.000Z,12290.0,0.005,61.45,buy,bitfinex,BTC/USD
137440727,2019-08-06T10:09:25.138Z,0.01939600,0.30300000,0.005876988,sell,binance,ETH/BTC
16183573,2019-08-06T08:26:41.901Z,0.00050300,2.22000000,0.00111666,sell,binance,ETC/BTC
10442074,2019-08-06T09:14:48.000Z,12217.7,0.01074831,131.31962708700001,sell,cex.io,BTC/USD
383431409,2019-08-06T09:01:15.000Z,0.0079394,0.57576703,0.0045712447579819996,sell,bitfinex,LTC/BTC
383445965,2019-08-06T10:10:50.000Z,12307.0,0.00378336,46.56181152,buy,bitfinex,BTC/USD
10441998,2019-08-06T08:15:41.000Z,12245,0.00162923,19.94992135,buy,cex.io,BTC/USD
,2019-08-06T09:51:50.000Z,12250.00000,0.05447409,1.917229259863435e+13,sell,kraken,BTC/USD
,2019-08-06T10:02:36.000Z,0.019350,1.65467900,3.0284409388743266e+07,buy,kraken,ETH/BTC
,2019-08-06T10:13:05.000Z,12300.00000,0.00017060,1.925056253655411e+13,buy,kraken,BTC/USD
383445967,2019-08-06T10:10:50.000Z,12307.0,0.10498913,1292.10122291,buy,bitfinex,BTC/USD
32814885,2019-08-06T10:06:28.947Z,0.00798400,1.54000000,0.01229536,buy,binance,LTC/BTC
35099481,2019-08-06T07:34:26.060Z,0.00796784,10,0.07967840000000001,buy,bittrex,LTC/BTC
16183596,2019-08-06T08:27:03.751Z,0.00050400,13.84000000,0.00697536,sell,binance,ETC/BTC
10441988,2019-08-06T08:13:06.000Z,12245,0.02614699,320.16989255,buy,cex.io,BTC/USD
10442034,2019-08-06T08:35:38.000Z,12221.4,0.00500000,61.107,sell,cex.io,BTC/USD
383392669,2019-08-06T08:13:51.000Z,0.00050391,100.0,0.050391,sell,bitfinex,ETC/BTC
16183906,2019-08-06T10:05:46.166Z,0.00050700,5.93000000,0.0030065099999999996,sell,binance,ETC/BTC
35103499,2019-08-06T08:08:38.140Z,0.00050705,12.6565743,0.006417515998815001,buy,bittrex,ETC/BTC
16183856,2019-08-06T09:54:08.313Z,0.00050400,3.12000000,0.00157248,buy,binance,ETC/BTC
,2019-08-06T09:17:33.000Z,12246.00000,0.18991869,1.916600707903173e+13,buy,kraken,BTC/USD
137440968,2019-08-06T10:10:51.935Z,0.01939900,0.58700000,0.011387212999999998,buy,binance,ETH/BTC
10442160,2019-08-06T10:02:34.000Z,12237,0.09810658,1200.53021946,buy,cex.io,BTC/USD
165318047,2019-08-06T10:11:07.669Z,12270.42000000,0.01506700,184.87841814,buy,binance,BTC/USDT
,2019-08-06T10:32:14.000Z,0.00797800,0.50000000,1.248626834714873e+07,buy,kraken,LTC/BTC
9240496,2019-08-06T09:30:06.882Z,0.00891000,0.66600000,0.00593406,sell,binance,DASH/BTC
32814838,2019-08-06T10:05:18.038Z,0.00798100,30.00000000,0.23943,sell,binance,LTC/BTC
,2019-08-06T09:18:38.000Z,12244.40000,0.12672400,1.9163503739360863e+13,buy,kraken,BTC/USD
137441134,2019-08-06T10:12:04.119Z,0.01939200,0.00600000,0.000116352,buy,binance,ETH/BTC
32814627,2019-08-06T10:00:34.370Z,0.00797600,4.02000000,0.03206352,sell,binance,LTC/BTC
383451209,2019-08-06T10:12:46.000Z,12318.0,0.00199078,24.52242804,buy,bitfinex,BTC/USD
165318481,2019-08-06T10:12:18.170Z,12277.46000000,0.01405500,172.55970029999997,buy,binance,BTC/USDT
35103146,2019-08-06T08:06:04.060Z,12252.14103082,0.0048881,59.88969057275124,buy,bittrex,BTC/USDT
137441358,2019-08-06T10:13:07.357Z,0.01940100,0.06600000,0.001280466,buy,binance,ETH/BTC
35091613,2019-08-06T06:19:23.550Z,0.00050613,93.63871439,0.0473933625142107,buy,bittrex,ETC/BTC
165318938,2019-08-06T10:13:12.234Z,12292.01000000,0.02676200,328.95877162,buy,binance,BTC/USDT
10442108,2019-08-06T09:30:11.000Z,12209.5,0.05362873,654.779978935,buy,cex.io,BTC/USD
1194995,2019-08-06T10:09:52.000Z,0.00801151,0.83136762,0.0066605100013062,buy,cex.io,LTC/BTC
16183587,2019-08-06T08:26:57.323Z,0.00050200,2.00000000,0.001004,buy,binance,ETC/BTC
10442047,2019-08-06T08:45:23.000Z,12176,0.08479080,1032.4127808,sell,cex.io,BTC/USD
383451279,2019-08-06T10:13:06.000Z,12320.0,0.05,616,buy,bitfinex,BTC/USD
165319178,2019-08-06T10:13:32.023Z,12292.40000000,0.00162700,19.9997348,buy,binance,BTC/USDT
16183757,2019-08-06T08:59:52.076Z,0.00050500,200.66000000,0.1013333,buy,binance,ETC/BTC
137441360,2019-08-06T10:13:07.580Z,0.01940600,0.40900000,0.007937053999999999,sell,binance,ETH/BTC
35103633,2019-08-06T08:09:15.030Z,0.01941209,0.78073761,0.0151557487517049,buy,bittrex,ETH/BTC
,2019-08-06T10:09:13.000Z,0.00798000,0.00002859,1.2489387508422846e+07,sell,kraken,LTC/BTC
10442172,2019-08-06T10:06:09.000Z,12236.1,0.00492000,60.201612,sell,cex.io,BTC/USD
35102867,2019-08-06T08:03:18.270Z,0.00799103,0.10877256,0.0008692047901368,buy,bittrex,LTC/BTC
9240471,2019-08-06T09:29:59.406Z,0.00890200,0.29200000,0.0025993839999999997,buy,binance,DASH/BTC
32814815,2019-08-06T10:04:38.369Z,0.00798500,1.68000000,0.013414800000000001,sell,binance,LTC/BTC
10442196,2019-08-06T10:13:39.000Z,12284.2,0.29650614,3642.3407249879997,buy,cex.io,BTC/USD
,2019-08-06T09:45:57.000Z,12236.00000,0.01000000,1.915037708907228e+13,buy,kraken,BTC/USD
9240775,2019-08-06T09:54:59.564Z,0.00890300,0.11500000,0.001023845,buy,binance,DASH/BTC
10442155,2019-08-06T10:02:15.000Z,12235.6,0.00666337,81.530329972,sell,cex.io,BTC/USD
383392790,2019-08-06T08:51:47.000Z,0.0005054,2.01654112,0.001019159882048,buy,bitfinex,ETC/BTC
10442193,2019-08-06T10:09:31.000Z,12265.7,0.03183593,390.489966601,buy,cex.io,BTC/USD
16183895,2019-08-06T10:03:18.731Z,0.00050700,7.82000000,0.00396474,sell,binance,ETC/BTC
35101816,2019-08-06T07:54:27.410Z,0.00050321,20,0.0100642,buy,bittrex,ETC/BTC
16183896,2019-08-06T10:03:18.731Z,0.00050700,38.55000000,0.019544849999999996,sell,binance,ETC/BTC
35103901,2019-08-06T08:11:53.410Z,12267.10538205,0.00259552,31.839517361218416,buy,bittrex,BTC/USDT
16183847,2019-08-06T09:49:16.175Z,0.00050600,0.05000000,2.5300000000000005e-05,sell,binance,ETC/BTC
383451534,2019-08-06T10:14:36.000Z,12276.0,0.3,3682.7999999999997,sell,bitfinex,BTC/USD
35102030,2019-08-06T07:56:40.760Z,0.00050358,1.92523727,0.0009695109844266,buy,bittrex,ETC/BTC
165319840,2019-08-06T10:14:30.367Z,12266.28000000,0.00089500,10.9783206,sell,binance,BTC/USDT
9240805,2019-08-06T09:58:28.521Z,0.00890500,0.02200000,0.00019590999999999999,buy,binance,DASH/BTC
,2019-08-06T08:51:45.000Z,0.00790700,0.10429873,1.2375099464858271e+07,sell,kraken,LTC/BTC
165319722,2019-08-06T10:14:20.312Z,12275.38000000,0.00081500,10.0044347,sell,binance,BTC/USDT
32815148,2019-08-06T10:14:16.816Z,0.00798300,0.83000000,0.00662589,buy,binance,LTC/BTC
35102306,2019-08-06T07:59:26.140Z,0.00797181,4.02862342,0.0321154204657902,sell,bittrex,LTC/BTC
9240489,2019-08-06T09:30:02.258Z,0.00891400,1.87200000,0.016687008,sell,binance,DASH/BTC
,2019-08-06T09:54:27.000Z,0.00794000,0.03396010,1.2426777021053487e+07,sell,kraken,LTC/BTC
861595,2019-08-06T10:05:55.000Z,0.019372,1.34679500,0.02609011274,sell,cex.io,ETH/BTC
383431321,2019-08-06T08:50:51.000Z,0.0079688,9.95088258,0.079296593103504,sell,bitfinex,LTC/BTC
383443659,2019-08-06T10:10:44.000Z,0.019383,2.7,0.05233410000000001,buy,bitfinex,ETH/BTC
10442179,2019-08-06T10:06:47.000Z,12250,0.00200000,24.5,buy,cex.io,BTC/USD
,2019-08-06T10:07:58.000Z,12297.60000,0.02500000,1.9246802561644938e+13,sell,kraken,BTC/USD
,2019-08-06T10:15:06.000Z,12289.40000,0.01000000,1.9233974116001836e+13,sell,kraken,BTC/USD
137442451,2019-08-06T10:15:42.306Z,0.01948300,0.01900000,0.000370177,buy,binance,ETH/BTC
,2019-08-06T09:36:30.000Z,0.00793800,0.00004531,1.2423638307876201e+07,sell,kraken,LTC/BTC
,2019-08-06T10:32:33.000Z,0.019440,1.38783728,3.042530204381136e+07,sell,kraken,ETH/BTC
1194990,2019-08-06T09:55:49.000Z,0.0079777,0.83489101,0.006660510010477001,buy,cex.io,LTC/BTC
165321029,2019-08-06T10:16:26.542Z,12233.73000000,0.01619900,198.17419227000002,buy,binance,BTC/USDT
9240861,2019-08-06T10:04:13.121Z,0.00892600,0.38300000,0.003418658,sell,binance,DASH/BTC
165320998,2019-08-06T10:16:24.096Z,12236.75000000,0.07297900,893.02577825,buy,binance,BTC/USDT
,2019-08-06T10:16:42.000Z,0.00892000,4.31500000,1.396057249316716e+07,sell,kraken,DASH/BTC
383431416,2019-08-06T09:19:45.000Z,0.0079566,1.4268,0.01135247688,buy,bitfinex,LTC/BTC
383431316,2019-08-06T08:49:11.000Z,0.0079778,8.973,0.07158479940000001,sell,bitfinex,LTC/BTC
,2019-08-06T10:13:14.000Z,12320.00000,0.01000000,1.9281864378433887e+13,buy,kraken,BTC/USD
10442175,2019-08-06T10:06:26.000Z,12239,0.01000000,122.39,buy,cex.io,BTC/USD
16183819,2019-08-06T09:30:13.172Z,0.00050500,0.40000000,0.00020200000000000003,buy,binance,ETC/BTC
,2019-08-06T10:13:05.000Z,12300.30000,0.89866060,1.925103206394321e+13,buy,kraken,BTC/USD
16183643,2019-08-06T08:34:01.653Z,0.00050400,14.92000000,0.00751968,sell,binance,ETC/BTC
383451773,2019-08-06T10:16:22.000Z,12242.245104,0.00820189,100.40954769604656,buy,bitfinex,BTC/USD
383392788,2019-08-06T08:50:49.000Z,0.00050539,31.17,0.0157530063,sell,bitfinex,ETC/BTC
383451758,2019-08-06T10:16:21.000Z,12237.0,0.02443,298.94991,sell,bitfinex,BTC/USD
165321524,2019-08-06T10:17:17.746Z,12235.01000000,0.02288000,279.9370288,buy,binance,BTC/USDT
9240812,2019-08-06T09:59:04.059Z,0.00891200,0.80000000,0.0071296,buy,binance,DASH/BTC
165321710,2019-08-06T10:17:35.577Z,12232.68000000,0.01546000,189.1172328,sell,binance,BTC/USDT
35104257,2019-08-06T08:14:00.130Z,0.01944,1.06790038,0.020759983387199997,buy,bittrex,ETH/BTC
137442774,2019-08-06T10:16:55.056Z,0.01943100,0.10200000,0.001981962,sell,binance,ETH/BTC
383443692,2019-08-06T10:14:23.000Z,0.019452,0.02128572,0.00041404982544000004,buy,bitfinex,ETH/BTC
137443050,2019-08-06T10:17:59.593Z,0.01939900,0.32300000,0.006265877,sell,binance,ETH/BTC
,2019-08-06T10:13:38.000Z,12316.30000,0.01000000,1.9276073857078027e+13,buy,kraken,BTC/USD
383392806,2019-08-06T08:59:01.000Z,0.00050647,163.6,0.08285849199999999,buy,bitfinex,ETC/BTC
861589,2019-08-06T10:05:26.000Z,0.019364,0.16182800,0.003133637392,sell,cex.io,ETH/BTC
383451822,2019-08-06T10:16:31.000Z,12252.0,0.00479811,58.78644372000001,buy,bitfinex,BTC/USD
137442718,2019-08-06T10:16:42.665Z,0.01944600,1.84800000,0.035936208000000004,buy,binance,ETH/BTC
35103622,2019-08-06T08:09:09.940Z,0.0089377,0.27643805,0.002470720359485,buy,bittrex,DASH/BTC
35104615,2019-08-06T08:16:32.230Z,12223.18,0.00082907,10.1338718426,sell,bittrex,BTC/USDT
32815209,2019-08-06T10:15:41.876Z,0.00799400,11.68000000,0.09336992,sell,binance,LTC/BTC
,2019-08-06T10:05:15.000Z,12273.00000,0.03198296,1.9208299445849293e+13,buy,kraken,BTC/USD
32815030,2019-08-06T10:10:41.827Z,0.00798400,0.06000000,0.00047903999999999997,buy,binance,LTC/BTC
10442091,2019-08-06T09:22:08.000Z,12211.7,0.00957378,116.91212922600002,sell,cex.io,BTC/USD
16183926,2019-08-06T10:10:42.164Z,0.00050600,0.51000000,0.00025806,buy,binance,ETC/BTC
137442891,2019-08-06T10:17:10.553Z,0.01939500,4.63100000,0.089818245,buy,binance,ETH/BTC
,2019-08-06T10:13:13.000Z,12310.00000,0.33300000,1.9266213509614363e+13,buy,kraken,BTC/USD
9240845,2019-08-06T10:00:23.437Z,0.00892400,0.00300000,2.6772e-05,sell,binance,DASH/BTC
383431489,2019-08-06T10:17:46.000Z,0.0079653,15.96842959,0.12719333221322698,sell,bitfinex,LTC/BTC
,2019-08-06T10:00:36.000Z,12253.90000,0.06802064,1.9178402880016754e+13,sell,kraken,BTC/USD
383451858,2019-08-06T10:17:10.000Z,12265.471899,0.0025,30.6636797475,buy,bitfinex,BTC/USD
165322089,2019-08-06T10:18:40.908Z,12247.10000000,0.00095700,11.7204747,buy,binance,BTC/USDT
137442998,2019-08-06T10:17:34.076Z,0.01941300,3.41400000,0.066275982,sell,binance,ETH/BTC
16183893,2019-08-06T10:03:13.902Z,0.00050700,26.04000000,0.013202279999999999,sell,binance,ETC/BTC
383451900,2019-08-06T10:17:58.000Z,12260.99136132,0.0004,4.904396544528001,buy,bitfinex,BTC/USD
,2019-08-06T10:17:04.000Z,12269.20000,0.75000000,1.9202360813449137e+13,buy,kraken,BTC/USD
35096246,2019-08-06T07:02:44.320Z,0.00050456,21.77090001,0.0109847253090456,sell,bittrex,ETC/BTC
10442163,2019-08-06T10:02:47.000Z,12237,0.00800503,97.95755211,buy,cex.io,BTC/USD
9240841,2019-08-06T10:00:05.775Z,0.00891900,0.67200000,0.005993568,sell,binance,DASH/BTC
383451898,2019-08-06T10:17:56.000Z,12261.0,0.45624536,5594.0243589599995,buy,bitfinex,BTC/USD
10442088,2019-08-06T09:20:16.000Z,12206.3,0.29622595,3615.822813485,sell,cex.io,BTC/USD
383451987,2019-08-06T10:20:11.000Z,12262.0,0.0006,7.3572,buy,bitfinex,BTC/USD
32815433,2019-08-06T10:20:07.461Z,0.00798600,0.24000000,0.0019166399999999998,buy,binance,LTC/BTC
,2019-08-06T15:59:20.000Z,0.00897000,0.99741781,1.4039011230397219e+07,sell,kraken,DASH/BTC
32815083,2019-08-06T10:12:28.557Z,0.00797000,0.12000000,0.0009563999999999999,sell,binance,LTC/BTC
383451973,2019-08-06T10:19:43.000Z,12261.0,0.01144,140.26584,sell,bitfinex,BTC/USD
383443744,2019-08-06T10:18:51.000Z,0.019396,11.73286532,0.22757065574672,sell,bitfinex,ETH/BTC
9240905,2019-08-06T10:07:34.475Z,0.00894500,0.15700000,0.001404365,buy,binance,DASH/BTC
32815076,2019-08-06T10:12:09.920Z,0.00797100,3.62000000,0.028855020000000002,sell,binance,LTC/BTC
9241002,2019-08-06T10:17:00.394Z,0.00894200,0.10500000,0.00093891,buy,binance,DASH/BTC
383443710,2019-08-06T10:16:05.000Z,0.019483,0.13325342,0.00259617638186,sell,bitfinex,ETH/BTC
32814988,2019-08-06T10:09:36.018Z,0.00798900,1.02000000,0.00814878,buy,binance,LTC/BTC
35097480,2019-08-06T07:15:27.900Z,0.00796118,1.06510193,0.0084794681830774,buy,bittrex,LTC/BTC
32815160,2019-08-06T10:14:55.804Z,0.00799100,2.77000000,0.02213507,sell,binance,LTC/BTC
,2019-08-06T08:52:31.000Z,0.00795100,0.00258654,1.2443963414445138e+07,sell,kraken,LTC/BTC
,2019-08-06T10:13:14.000Z,12340.00000,0.02500000,1.9313166112799457e+13,buy,kraken,BTC/USD
383451953,2019-08-06T10:19:28.000Z,12261.0,0.015,183.915,sell,bitfinex,BTC/USD
9240708,2019-08-06T09:46:29.607Z,0.00890700,0.49400000,0.004400058,buy,binance,DASH/BTC
16183975,2019-08-06T10:20:38.303Z,0.00050800,0.30000000,0.0001524,buy,binance,ETC/BTC
35103528,2019-08-06T08:08:51.120Z,12272.72275906,0.00162963,19.999997189846948,buy,bittrex,BTC/USDT
9240886,2019-08-06T10:07:20.312Z,0.00893900,0.12600000,0.001126314,sell,binance,DASH/BTC
16183540,2019-08-06T08:22:52.866Z,0.00050400,0.32000000,0.00016128,buy,binance,ETC/BTC
16183965,2019-08-06T10:18:11.724Z,0.00050800,3.01000000,0.00152908,buy,binance,ETC/BTC
137443354,2019-08-06T10:19:48.519Z,0.01942000,0.79300000,0.01540006,buy,binance,ETH/BTC
9240725,2019-08-06T09:50:03.406Z,0.00891700,5.09200000,0.045405364,buy,binance,DASH/BTC
10442159,2019-08-06T10:02:33.000Z,12236.8,0.03358000,410.91174399999994,buy,cex.io,BTC/USD
383452057,2019-08-06T10:21:18.000Z,12262.0,0.3628802,4449.6370124,buy,bitfinex,BTC/USD
137443417,2019-08-06T10:20:14.907Z,0.01939500,0.41100000,0.007971345,sell,binance,ETH/BTC
383452063,2019-08-06T10:21:33.000Z,12262.0,0.01223391,150.01220442000002,buy,bitfinex,BTC/USD
,2019-08-06T10:05:26.000Z,12262.20000,0.34041115,1.9191396644698438e+13,sell,kraken,BTC/USD
9240791,2019-08-06T09:56:06.068Z,0.00892900,0.30000000,0.0026786999999999996,sell,binance,DASH/BTC
137443665,2019-08-06T10:21:39.161Z,0.01937000,1.29600000,0.025103519999999997,sell,binance,ETH/BTC
10442089,2019-08-06T09:22:02.000Z,12222.4,0.80000000,9777.92,buy,cex.io,BTC/USD
32815079,2019-08-06T10:12:17.080Z,0.00797100,2.39000000,0.019050690000000002,buy,binance,LTC/BTC
,2019-08-06T09:48:23.000Z,12239.70000,0.01610960,1.915616969645458e+13,buy,kraken,BTC/USD
105799,2019-08-06T10:21:23.000Z,0.009269,0.10000000,0.0009269,buy,cex.io,DASH/BTC
32815178,2019-08-06T10:15:05.990Z,0.00798400,1.03000000,0.00822352,sell,binance,LTC/BTC
35104638,2019-08-06T08:16:38.310Z,0.00050633,32,0.01620256,sell,bittrex,ETC/BTC
,2019-08-06T10:02:55.000Z,12282.30000,0.04000000,1.922285302301399e+13,buy,kraken,BTC/USD
35104302,2019-08-06T08:14:09.110Z,0.00798317,0.24990073,0.0019950000107141,buy,bittrex,LTC/BTC
383452098,2019-08-06T10:22:34.000Z,12267.0,0.1,1226.7,buy,bitfinex,BTC/USD
35102308,2019-08-06T07:59:26.140Z,0.00797175,25.05865838,0.199761359940765,sell,bittrex,LTC/BTC
105800,2019-08-06T10:21:23.000Z,0.009357,0.10000000,0.0009357000000000001,buy,cex.io,DASH/BTC
10442139,2019-08-06T09:53:09.000Z,12234.8,0.01000000,122.348,sell,cex.io,BTC/USD
10442097,2019-08-06T09:24:22.000Z,12213.9,0.00427302,52.190238978,sell,cex.io,BTC/USD
9240772,2019-08-06T09:54:56.244Z,0.00890400,3.70800000,0.033016032,sell,binance,DASH/BTC
,2019-08-06T10:13:14.000Z,12339.80000,0.12106232,1.931285309332276e+13,buy,kraken,BTC/USD
35096315,2019-08-06T07:03:33.470Z,0.00796222,0.79761475,0.006350784114745001,buy,bittrex,LTC/BTC
137443967,2019-08-06T10:23:38.692Z,0.01938300,1.64700000,0.031923801,sell,binance,ETH/BTC
35105013,2019-08-06T08:20:21.170Z,0.00050664,56.53267514,0.028641714532929602,sell,bittrex,ETC/BTC
105797,2019-08-06T10:21:23.000Z,0.009014,0.10000000,0.0009014,buy,cex.io,DASH/BTC
32815241,2019-08-06T10:16:14.387Z,0.00799000,9.34000000,0.0746266,buy,binance,LTC/BTC
383452080,2019-08-06T10:21:51.000Z,12265.0,0.02446,300.0019,sell,bitfinex,BTC/USD
10442144,2019-08-06T09:56:31.000Z,12215,0.23759215,2902.18811225,sell,cex.io,BTC/USD
,2019-08-06T10:09:40.000Z,12284.80000,0.04000000,1.9226770710109348e+13,buy,kraken,BTC/USD
,2019-08-06T10:16:15.000Z,12274.80000,0.11800000,1.9211124701254625e+13,sell,kraken,BTC/USD
383452097,2019-08-06T10:22:26.000Z,12266.0,0.0055839,68.4921174,sell,bitfinex,BTC/USD
165323813,2019-08-06T10:23:43.798Z,12230.00000000,0.16602200,2030.4490600000001,buy,binance,BTC/USDT
,2019-08-06T10:13:05.000Z,12302.20000,0.08000000,1.925400572952553e+13,buy,kraken,BTC/USD
165324039,2019-08-06T10:23:56.322Z,12220.03000000,0.00133400,16.301520019999998,buy,binance,BTC/USDT
35104286,2019-08-06T08:14:06.910Z,12269.998,0.03985443,489.01377639114,buy,bittrex,BTC/USDT
35104058,2019-08-06T08:12:59.860Z,0.019404,0.05340877,0.00103634377308,sell,bittrex,ETH/BTC
,2019-08-06T10:02:55.000Z,12275.00000,0.00012248,1.921142789608411e+13,buy,kraken,BTC/USD
,2019-08-06T10:23:33.000Z,12261.20000,0.01975232,1.918984489416367e+13,sell,kraken,BTC/USD
,2019-08-06T09:36:33.000Z,0.00795600,5.37856447,1.2451809847068585e+07,buy,kraken,LTC/BTC
861594,2019-08-06T10:05:53.000Z,0.019376,0.50000000,0.009688,sell,cex.io,ETH/BTC
383431505,2019-08-06T10:17:46.000Z,0.0079453,0.04,0.00031781200000000005,sell,bitfinex,LTC/BTC
16183674,2019-08-06T08:45:05.274Z,0.00050600,9.07000000,0.00458942,sell,binance,ETC/BTC
383431535,2019-08-06T10:17:48.000Z,0.0079718,1.0,0.0079718,sell,bitfinex,LTC/BTC
10442058,2019-08-06T08:59:51.000Z,12200,0.00655000,79.91,sell,cex.io,BTC/USD
105798,2019-08-06T10:21:23.000Z,0.009144,0.10000000,0.0009144,buy,cex.io,DASH/BTC
383431488,2019-08-06T10:17:46.000Z,0.0079653,30.0,0.238959,sell,bitfinex,LTC/BTC
10442169,2019-08-06T10:05:30.000Z,12230.6,0.00300000,36.6918,sell,cex.io,BTC/USD
,2019-08-06T10:09:39.000Z,12285.70000,0.09200000,1.9228179274200523e+13,sell,kraken,BTC/USD
,2019-08-06T10:06:05.000Z,12290.00000,0.56100000,1.9234906517867996e+13,buy,kraken,BTC/USD
9240814,2019-08-06T09:59:04.059Z,0.00891200,1.30100000,0.011594512,buy,binance,DASH/BTC
10442150,2019-08-06T10:02:01.000Z,12237,0.22915000,2804.10855,buy,cex.io,BTC/USD
35104575,2019-08-06T08:16:18.040Z,12240.33537382,0.0027705,33.91184915316831,sell,bittrex,BTC/USDT
137444076,2019-08-06T10:24:05.817Z,0.01936300,0.00600000,0.000116178,buy,binance,ETH/BTC
16183640,2019-08-06T08:34:01.487Z,0.00050400,24.07000000,0.01213128,sell,binance,ETC/BTC
10442087,2019-08-06T09:20:16.000Z,12220,0.15500000,1894.1,sell,cex.io,BTC/USD
383443731,2019-08-06T10:16:46.000Z,0.019458,0.0185423,0.00036079607340000003,sell,bitfinex,ETH/BTC
383431542,2019-08-06T10:22:44.000Z,0.0079872,0.01,7.9872e-05,buy,bitfinex,LTC/BTC
10442190,2019-08-06T10:08:46.000Z,12251.4,0.14854135,1819.83949539,buy,cex.io,BTC/USD
137444292,2019-08-06T10:25:54.553Z,0.01934700,1.00000000,0.019347,buy,binance,ETH/BTC
1194997,2019-08-06T10:24:22.000Z,0.00801151,0.83161227,0.0066624700172276995,sell,cex.io,LTC/BTC
16183627,2019-08-06T08:31:43.810Z,0.00050300,4.00000000,0.002012,buy,binance,ETC/BTC
,2019-08-06T10:01:21.000Z,12259.90000,0.05000000,1.9187793951290418e+13,sell,kraken,BTC/USD
32815405,2019-08-06T10:19:04.235Z,0.00797800,3.60000000,0.028720800000000005,sell,binance,LTC/BTC
,2019-08-06T10:01:35.000Z,12260.00000,0.00200000,1.918795062353206e+13,buy,kraken,BTC/USD
165324398,2019-08-06T10:24:39.353Z,12227.60000000,0.00801300,97.9797588,buy,binance,BTC/USDT
9240739,2019-08-06T09:51:17.602Z,0.00891100,0.67600000,0.006023836000000001,buy,binance,DASH/BTC
,2019-08-06T10:25:36.000Z,0.019360,0.50000000,3.030008696065366e+07,sell,kraken,ETH/BTC
383455272,2019-08-06T10:25:17.000Z,12253.0,0.00097898,11.99544194,sell,bitfinex,BTC/USD
1194999,2019-08-06T10:24:41.000Z,0.00801149,0.83194762,0.0066651400381537995,buy,cex.io,LTC/BTC
35104031,2019-08-06T08:12:49.680Z,12275.22562948,0.01,122.7522562948,buy,bittrex,BTC/USDT
,2019-08-06T08:51:45.000Z,0.00795700,11.49439986,1.2453353539584965e+07,sell,kraken,LTC/BTC
9240579,2019-08-06T09:32:27.866Z,0.00891300,9.20800000,0.08207090400000001,sell,binance,DASH/BTC
861593,2019-08-06T10:05:31.000Z,0.019418,0.19745500,0.00383418119,sell,cex.io,ETH/BTC
10442121,2019-08-06T09:40:50.000Z,12219.1,0.01395855,170.560918305,buy,cex.io,BTC/USD
383455310,2019-08-06T10:25:53.000Z,12253.0,0.02628876,322.11617628,buy,bitfinex,BTC/USD
165324870,2019-08-06T10:26:29.551Z,12236.47000000,0.04303800,526.63319586,buy,binance,BTC/USDT
35105370,2019-08-06T08:23:47.270Z,12228.934,0.2505256,3063.6610277104,sell,bittrex,BTC/USDT
165324773,2019-08-06T10:26:14.584Z,12242.15000000,0.01930500,236.33470574999998,sell,binance,BTC/USDT
,2019-08-06T10:08:13.000Z,12299.90000,0.98000000,1.9250402439761715e+13,buy,kraken,BTC/USD
,2019-08-06T10:12:13.000Z,12297.50000,0.09000000,1.9246649185700984e+13,sell,kraken,BTC/USD
861587,2019-08-06T10:02:05.000Z,0.019339,0.34477000,0.0066675070299999995,sell,cex.io,ETH/BTC
32815582,2019-08-06T10:26:29.889Z,0.00798500,0.04000000,0.0003194,sell,binance,LTC/BTC
,2019-08-06T10:03:16.000Z,12274.60000,0.09400000,1.921080212037881e+13,sell,kraken,BTC/USD
383443777,2019-08-06T10:21:40.000Z,0.01938,1.26,0.0244188,sell,bitfinex,ETH/BTC
165324618,2019-08-06T10:25:42.087Z,12231.00000000,0.00898300,109.871073,buy,binance,BTC/USDT
,2019-08-06T15:56:04.000Z,0.019470,0.20932279,3.047263258933895e+07,buy,kraken,ETH/BTC
35097551,2019-08-06T07:16:19.590Z,0.00794208,0.16931712,0.0013447301124096,sell,bittrex,LTC/BTC
16183905,2019-08-06T10:05:46.166Z,0.00050700,20.76000000,0.01052532,sell,binance,ETC/BTC
383455348,2019-08-06T10:27:31.000Z,12265.0,0.0127848,156.805572,sell,bitfinex,BTC/USD
383392773,2019-08-06T08:44:38.000Z,0.00050591,7.0,0.0035413700000000003,buy,bitfinex,ETC/BTC
35103091,2019-08-06T08:05:34.870Z,0.01936988,0.14631381,0.0028340809420427998,buy,bittrex,ETH/BTC
383431441,2019-08-06T10:02:01.000Z,0.0079846,14.55424792,0.116209847942032,buy,bitfinex,LTC/BTC
137444304,2019-08-06T10:25:57.858Z,0.01935300,0.10300000,0.0019933589999999997,sell,binance,ETH/BTC
165325137,2019-08-06T10:27:43.598Z,12235.44000000,0.01100700,134.67548808,buy,binance,BTC/USDT
,2019-08-06T09:48:58.000Z,0.00890000,0.00002756,1.3929255955969699e+07,sell,kraken,DASH/BTC
35096258,2019-08-06T07:02:51.900Z,0.00794794,1.27858015,0.010162078317391,buy,bittrex,LTC/BTC
9240740,2019-08-06T09:51:17.602Z,0.00890700,1.97900000,0.017626953,buy,binance,DASH/BTC
35103992,2019-08-06T08:12:34.410Z,0.019404,0.0589966,0.0011447700264,sell,bittrex,ETH/BTC
137444250,2019-08-06T10:25:27.793Z,0.01934900,0.86400000,0.016717536,sell,binance,ETH/BTC
35100081,2019-08-06T07:39:37.720Z,0.00795578,23.88220851,0.19000159681968784,sell,bittrex,LTC/BTC
,2019-08-06T10:26:37.000Z,12261.80000,2.00000000,1.9190786196576586e+13,buy,kraken,BTC/USD
383431502,2019-08-06T10:17:46.000Z,0.0079474,15.0,0.11921100000000001,sell,bitfinex,LTC/BTC
,2019-08-06T10:05:37.000Z,12264.10000,0.30000000,1.919437045151571e+13,sell,kraken,BTC/USD
383392825,2019-08-06T08:59:54.000Z,0.0005054,180.0,0.09097200000000001,sell,bitfinex,ETC/BTC
10442081,2019-08-06T09:18:05.000Z,12224.6,0.00729349,89.159997854,buy,cex.io,BTC/USD
16183979,2019-08-06T10:23:14.496Z,0.00050800,11.59000000,0.00588772,buy,binance,ETC/BTC
32815311,2019-08-06T10:17:13.429Z,0.00799500,2.81000000,0.022465950000000002,buy,binance,LTC/BTC
383431516,2019-08-06T10:17:47.000Z,0.0079707,7.32061,0.058350386127000005,sell,bitfinex,LTC/BTC
35098921,2019-08-06T07:29:03.240Z,0.009,15.73,0.14157,sell,bittrex,DASH/BTC
165325855,2019-08-06T10:29:52.449Z,12222.26000000,0.00199500,24.383408699999997,buy,binance,BTC/USDT
,2019-08-06T10:32:04.000Z,0.00893000,8.39200000,1.3976231590212109e+07,buy,kraken,DASH/BTC
,2019-08-06T11:52:13.000Z,0.019450,0.00258654,3.0441045884454947e+07,sell,kraken,ETH/BTC
383443748,2019-08-06T10:19:09.000Z,0.019397,11.73678446,0.22765840817062002,sell,bitfinex,ETH/BTC
861597,2019-08-06T10:14:32.000Z,0.019418,0.14657400,0.002846173932,buy,cex.io,ETH/BTC
137444574,2019-08-06T10:27:27.269Z,0.01937300,0.01200000,0.00023247600000000002,sell,binance,ETH/BTC
137444802,2019-08-06T10:29:16.400Z,0.01939000,1.93200000,0.03746148,sell,binance,ETH/BTC
35103862,2019-08-06T08:11:34.990Z,0.01940397,0.27722222,0.005379211640213401,sell,bittrex,ETH/BTC
35104571,2019-08-06T08:16:16.990Z,12244.03068441,0.00134759,16.49993331000407,sell,bittrex,BTC/USDT
32815270,2019-08-06T10:16:27.980Z,0.00800000,0.32000000,0.00256,sell,binance,LTC/BTC
16183690,2019-08-06T08:53:30.359Z,0.00050500,6.66000000,0.0033633,buy,binance,ETC/BTC
,2019-08-06T10:14:24.000Z,12285.50000,0.02000000,1.9227869759160188e+13,sell,kraken,BTC/USD
35104572,2019-08-06T08:16:16.990Z,12244.03068441,0.00134759,16.49993331000407,sell,bittrex,BTC/USDT
10442226,2019-08-06T10:24:41.000Z,12226.3,0.00666514,81.490001182,buy,cex.io,BTC/USD
32815570,2019-08-06T10:26:12.746Z,0.00798600,2.00000000,0.015972,buy,binance,LTC/BTC
10442135,2019-08-06T09:52:16.000Z,12237,0.00450845,55.16990265,buy,cex.io,BTC/USD
32815650,2019-08-06T10:29:24.235Z,0.00798200,3.97000000,0.03168854,buy,binance,LTC/BTC
383455380,2019-08-06T10:28:37.000Z,12259.0,0.64724089,7934.526070509999,sell,bitfinex,BTC/USD
9240754,2019-08-06T09:53:13.022Z,0.00890400,59.28800000,0.527900352,sell,binance,DASH/BTC
10442195,2019-08-06T10:13:26.000Z,12280.9,0.12191207,1497.1899404629999,buy,cex.io,BTC/USD
137444907,2019-08-06T10:30:06.009Z,0.01937800,3.32500000,0.06443185,sell,binance,ETH/BTC
32815370,2019-08-06T10:17:56.327Z,0.00798500,3.56000000,0.028426600000000003,sell,binance,LTC/BTC
10442136,2019-08-06T09:52:48.000Z,12237,0.08438506,1032.61997922,buy,cex.io,BTC/USD
137445183,2019-08-06T10:31:49.555Z,0.01936500,0.57400000,0.011115509999999999,buy,binance,ETH/BTC
383456696,2019-08-06T10:32:05.000Z,12111.06946124,0.02,242.22138922480002,sell,bitfinex,BTC/USD
32815673,2019-08-06T10:29:24.866Z,0.00799600,25.85000000,0.2066966,sell,binance,LTC/BTC
383444022,2019-08-06T10:32:04.000Z,0.019413,0.38386116,0.007451896699079999,sell,bitfinex,ETH/BTC
,2019-08-06T08:54:47.000Z,0.00795200,1.82859099,1.2445529576953953e+07,buy,kraken,LTC/BTC
32815908,2019-08-06T10:32:24.547Z,0.00797400,0.47000000,0.00374778,sell,binance,LTC/BTC
35107053,2019-08-06T08:32:26.710Z,12015.99847934,0.00083239,10.001996974217823,sell,bittrex,BTC/USDT
16184186,2019-08-06T10:32:25.443Z,0.00051700,12.87000000,0.00665379,sell,binance,ETC/BTC
32815951,2019-08-06T10:32:27.841Z,0.00799500,0.87000000,0.00695565,sell,binance,LTC/BTC
137446077,2019-08-06T10:32:45.682Z,0.01951400,0.85600000,0.016703983999999998,sell,binance,ETH/BTC
10442287,2019-08-06T10:32:22.000Z,12100,0.01940000,234.74,sell,cex.io,BTC/USD
,2019-08-06T10:32:37.000Z,12007.90000,0.75000000,1.879341488214734e+13,buy,kraken,BTC/USD
,2019-08-06T10:32:00.000Z,12100.10000,0.01000000,1.89377155107491e+13,sell,kraken,BTC/USD
,2019-08-06T10:32:01.000Z,12100.00000,0.01430000,1.893755900417502e+13,sell,kraken,BTC/USD
10442078,2019-08-06T09:15:56.000Z,12226.8,0.01528691,186.909991188,buy,cex.io,BTC/USD
10442162,2019-08-06T10:02:44.000Z,12237,0.04682000,572.93634,buy,cex.io,BTC/USD
35108030,2019-08-06T08:32:59.720Z,11951.65808553,0.04785532,571.9504222136255,buy,bittrex,BTC/USDT
383463904,2019-08-06T10:33:02.000Z,11937.0,0.33926545,4049.81167665,buy,bitfinex,BTC/USD
165337576,2019-08-06T10:33:05.010Z,11899.80000000,0.00091600,10.900216799999999,buy,binance,BTC/USDT
165337719,2019-08-06T10:33:05.010Z,11887.65000000,0.00129800,15.430169699999999,buy,binance,BTC/USDT
10442057,2019-08-06T08:59:27.000Z,12200,0.00411075,50.15115,sell,cex.io,BTC/USD
861598,2019-08-06T10:29:13.000Z,0.019418,0.34300800,0.006660529344,buy,cex.io,ETH/BTC
383460583,2019-08-06T10:33:04.000Z,0.019532,2.0,0.039064,buy,bitfinex,ETH/BTC
